2836 4680
376 297 380 310 '
454 331 458 338 ·
486 293 731 368 nasturtio
755 293 938 366 ANGELO.

265 467 390 546 πίσυνος
403 464 447 534 τόν
459 462 544 552 δμως
557 468 594 536 de'
606 465 691 552 κάγαλ
703 472 749 556 τῷ
761 465 852 557 λόγῳ,

264 572 360 638 αὐτοῦ
375 569 528 650 διδόντος,
552 571 646 658 ἐξερῶ
657 597 687 638 τι
700 571 778 658 πρδς
790 573 910 649 σθένος.

327 677 484 742 Καθεῖλεν
494 675 625 756 Ἀλέξιος
638 675 800 760 Κομνηνδς
812 674 935 763 κράτονρ

152 777 247 847 6646
262 773 413 861 σόναιμον
424 774 554 845 Ἰσάκιον
568 778 696 864 ἀρχικοῦ
709 775 843 866 θρόνου·

264 883 316 947 καὶ
328 879 400 965 τάχ’
418 880 455 948 άν
468 879 548 966 δπῆν
562 883 720 970 συμφέρον
733 883 915 974 κραταρχίρ,

267 987 293 1052 si
303 989 393 1050 τοῦδε
405 985 500 1069 μηδὲν
511 991 650 1073 φυλακῆς
660 987 830 1070 κατημέλει.

265 1091 330 1156 νυνὶ
345 1089 379 1155 δὲ
391 1085 526 1173 διάγοντι
539 1089 615 1176 τῷδ’
628 1089 748 1178 Ἰσακίῳ
844 1075 846 1082 ,

264 1189 342 1258 κατά
354 1217 386 1276 γε
397 1195 523 1257 διπλοῦν
535 1195 620 1258 κίονα
632 1194 844 1279 Προποντίδος

160 1299 246 1366 6660
261 1291 431 1361 άνεόθννον
446 1293 598 1378 ξύμπασιν
611 1286 649 1380 ἦν
661 1297 818 1383 προσιέναι

262 1401 314 1466 καὶ
329 1404 508 1482 καθομιλεῖν
521 1395 664 1465 πάντοτε
680 1402 756 1487 δρᾶν
769 1398 888 1483 ἀνέδην.

264 1499 416 1580 διακόνοις
430 1494 484 1568 οὖν
494 1502 621 1580 Ἰταλοῖς
634 1503 827 1590 κεχρημένος,

263 1603 393 1690 ἀνδράσι
409 1607 526 1693 φίλοις,
550 1602 709 1692 γράμματ’
728 1607 870 1689 ἐκπέμπει
885 1604 993 1698 λάθρα

261 1710 337 1795 φίλη
352 1711 484 1795 θυγατρί
497 1715 534 1796 τῇ
547 1706 679 1797 συνεόνῳ
696 1710 849 1776 Φιλίππου

160 1815 244 1882 6656
258 1812 438 1895 Ἅλαμανῶν
454 1810 599 1898 άρχοντος
615 1811 747 1893 εὐτυχῶς
760 1809 839 1892 τότε,

261 1911 411 2000 δηλοῦντά
424 1915 453 1978 οἳ
467 1912 626 1997 ξύμπαντα
639 1911 865 1998 συμβεβηκότα.

154 2008 157 2014 ’
261 2017 403 2084 κάκεῖθεν
416 2017 587 2104 ἀντίγραφα
599 2019 854 2104 προσδεδεγμένος

260 2121 369 2205 πέμπει
384 2119 462 2207 πρὸς
474 2121 569 2204 αὐτὴν
580 2121 710 2198 Ἀλέξιον
722 2122 799 2201 υἱέα,

261 2223 298 2290 ὃν
309 2227 360 2289 καὶ
375 2229 470 2290 λιπεῖν
483 2223 586 2308 ἤλπιζε
598 2231 767 2308 κληροῦχον
779 2224 918 2312 στίφους,
961 2289 966 2300 ,

159 2332 245 2398 6660
262 2324 400 2394 λαθόντα
414 2326 469 2411 τὴν
483 2327 630 2411 αἴσθησιν
644 2323 691 2406 οἷς
704 2326 813 2394 τούτου
830 2326 929 2414 λόγος.

261 2429 345 2509 ὅπως
357 2432 390 2497 δέ
402 2431 511 2497 λαθὼν
524 2432 664 2518 διέδρασε
670 2479 681 2510 ,
706 2433 835 2498 λεκτέον.

261 2526 350 2612 οὗτός
362 2561 396 2620 γε
410 2535 555 2614 συνέξεισι
566 2541 612 2624 τῷ
622 2521 809 2623 στεῳηφόρρο

261 2636 436 2727 στράτευμα
448 2637 603 2724 νικήσαντι
615 2638 697 2704 κατά
706 2636 862 2722 Καμμότζ
880 2685 891 2717 ,

261 2744 304 2820 εἰς
318 2744 338 2806 δ
340 2743 351 2768 ’
369 2733 423 2809 οὖν
436 2739 672 2831 Δαμοκράνεισν
685 2743 887 2827 έσκηνημένου

158 2842 242 2910 6666
259 2841 394 2933 άπῴχετ’
409 2845 500 2924 σάτδς
512 2843 652 2934 ἀποδράς
663 2845 741 2932 πρὸς
750 2843 898 2934 Ἀθάραν.

259 2946 400 3035 ἐφόλκιον
416 2951 450 3016 δὲ
463 2949 535 3034 νηδς
551 2949 667 3036 εὐρείας
680 2946 771 3029 πάνυ,

256 3047 503 3138 Ἑλλησποντίοις
514 3057 636 3140 Πηγαῖς
649 3053 915 3141 καθωρμισμένης,

156 3278 304 3350 Sophocles
321 3280 519 3353 Aeschylusque
536 3287 616 3350 atque
632 3281 788 3352 Euripides.
824 3299 913 3338 rerum
939 3285 967 3336 et
990 3299 1040 3352 ego
1063 3281 1147 3335 fretus
1163 3281 1257 3337 facum
1307 3285 1311 3294 '

158 3348 219 3402 diae
233 3350 343 3417 viribus,
362 3351 453 3405 hurum
470 3369 521 3422 ope
538 3351 638 3420 aliquid
655 3354 772 3404 conabor
786 3352 849 3406 iuri.

228 3419 376 3473 comnenus
394 3419 494 3474 Caesar
512 3421 650 3492 expulerat
664 3421 773 3474 Alexius
790 3421 886 3488 (6645)
903 3435 1058 3490 germanum
1067 3419 1195 3472 lancium
1212 3436 1256 3472 re-

158 3485 211 3556 gali
230 3489 341 3554 thron03
365 3490 447 3560 idque
471 3491 584 3545 fortasse
607 3493 695 3544 luerat
716 3490 827 3561 imperio
850 3490 928 3560 utile,
952 3490 1004 3543 nisi
1027 3489 1171 3544 custodiam
1188 3489 1264 3558 pulei'

157 3555 327 3626 neglexisset.
362 3576 432 3613 nnnc
449 3577 506 3613 cum
524 3560 640 3614 Isaacius
658 3561 760 3614 domum
779 3560 913 3613 habitaret
931 3560 964 3613 ad
982 3560 1048 3612 duas
1065 3557 1196 3612 columnas
1218 3559 1257 3610 si-

157 3633 210 3679 turn
234 3627 262 3680 in
278 3628 458 3698 Propontide,
485 3631 581 3697 (6660)
597 3637 656 3683 erat
672 3630 769 3698 cuique
785 3630 895 3683 liberum
913 3629 1050 3696 accedero,
1068 3627 1198 3696 colloquia
1215 3635 1258 3681 at-

159 3711 210 3764 que
235 3697 342 3766 negotia
364 3699 488 3752 audacter
511 3716 526 3751 a

158 3765 196 3818 cis
220 3765 271 3818 sibi
296 3767 379 3834 viris,
404 3785 513 3821 arcanas
528 3717 626 3822 iiteras
649 3769 732 3822 mittit
757 3770 790 3822 ad
811 3767 891 3820 liliam
915 3783 988 3821 snam
1010 3765 1127 3836 Philippi
1148 3783 1258 3819 uxorem

156 3833 251 3904 (6666)
269 3836 493 3890 tuncAlamannis
509 3837 662 3906 imperantis
680 3837 803 3894 feliciter.
839 3837 867 3889 in
885 3836 926 3889 his
943 3836 1109 3906 significabat
1126 3837 1258 3889 iomanem

157 3919 243 3966 suam;
261 3907 430 3976 receptisque
446 3907 519 3960 illinc
535 3907 651 3960 vicissim
669 3907 753 3960 literis
770 3906 875 3960 mittere
890 3905 1007 3959 Alexium
1025 3905 1106 3958 filium
1124 3905 1258 3976 adipeam

157 3973 259 4041 statuit,
276 3986 352 4044 quem
371 3985 398 4029 et
414 3979 539 4045 sperabat
554 3976 631 4044 regui
648 3976 770 4029 heredem
789 3975 916 4044 linquere,
939 3975 1033 4043 (6666)
1051 3973 1115 4028 olum
1134 3973 1186 4027 illis
1203 3975 1257 4026 esi-

156 4039 220 4096 licet
237 4043 283 4112 qui
300 4047 478 4099 observabant
492 4045 625 4101 iuvenem.
651 4046 699 4098 sed
716 4054 746 4098 ut
761 4044 868 4098 latuerit
884 4045 957 4112 luga,
974 4045 1050 4098 iuvat
1066 4042 1163 4114 eloqui.
1192 4060 1257 4112 pro-

155 4109 243 4165 iectus
268 4113 311 4166 hic
333 4132 390 4168 cum
414 4116 528 4170 Caesare
553 4131 638 4186 nuper
660 4115 749 4168 luerat
765 4112 859 4167 bellum
877 4116 1062 4182 Cammytzae,
1086 4123 1116 4167 ut
1133 4111 1256 4182 diximus,
1289 4139 1291 4143 ·

546 3717 603 3752 ere.
637 3717 702 3768 ergo
719 3699 838 3752 Iesscius
855 3715 918 3752 usus
935 3697 1060 3750 ministris
1076 3696 1167 3763 Italis,
1191 3697 1258 3750 ami-

78 4205 80 4210 .
155 4179 301 4237 inferentes
319 4201 376 4238 cum
394 4195 479 4240 autem
495 4183 687 4238 Damocraniae
704 4201 776 4237 more
792 4184 884 4251 fieret,
908 4183 1003 4251 (6665)
1020 4184 1084 4250 fuga
1101 4181 1257 4236 adulescens

156 4251 268 4304 contulit
293 4269 323 4306 se
344 4255 481 4324 Athyram.
522 4271 633 4322 cumque
656 4253 769 4307 famulus
794 4253 894 4306 lembus
920 4251 1034 4320 ingentis
1058 4253 1151 4320 naris,
1182 4252 1259 4305 cuius

155 4321 303 4378 nauarchus
324 4331 384 4380 erat
403 4324 518 4384 Rhenus
538 4323 623 4393 ciuis,
654 4324 689 4380 sd
705 4322 792 4394 Peges
809 4321 976 4396 Hellesponti
993 4323 1083 4378 urben
1099 4335 1257 4392 progressus
