2802 4688
153 285 203 362 rs
487 238 492 250 ’
566 289 839 362 ,mauruntus

157 459 241 526 1695
259 457 387 542 αἵματος
401 455 472 545 ἄχρι
487 463 589 536 καλῶς
600 457 824 546 ἠγωνισμένους

260 558 336 649 ὖπέρ
351 568 502 646 σεβαστῇς
514 561 626 642 ιῗιιόνος
639 572 694 630 τοῦ
706 563 873 630 δεσπότου·

257 664 337 750 μεθ’
354 656 397 730 ὧν
412 671 517 754 σοφῶν
530 661 671 751 σιλστημα
683 671 792 752 διπλῆς
804 663 913 745 ἑξάδος

262 769 383 854 ἀνδρῶν
397 766 535 856 λογάδων
546 772 598 836 καὶ
615 768 808 838 διδασκάλων
824 767 922 856 λόγων

261 871 319 940 σὺν
331 877 419 960 σφῶν
431 873 571 962 προίδρῳ
577 917 588 954 ,
613 875 770 968 πρακτέων
784 872 960 962 παραινὲτῃ,

161 977 247 1043 1700
264 977 459 1065 οἰκοομινικῷ
473 975 528 1060 τὴν
543 977 633 1061 τιμὴν
648 974 836 1066 διδασκάλῳ,

170 1071 176 1076 ’
262 1081 404 1166 Χριστοῦ
417 1086 551 1172 παριστᾷ
565 1079 726 1168 μάρτυρας
740 1080 972 1168 rependissent,

265 1182 350 1272 αὐτῷ
363 1179 449 1270 δόμῳ
462 1180 576 1270 φύλακι
591 1187 740 1252 παντοίων
750 1187 868 1268 βίβλων

203 1303 207 1314 ’
264 1284 515 1373 σογκαταρλίξος
526 1293 609 1374 σφᾶς
622 1287 756 1375 &perduc
768 1293 881 1365 αθιως.

266 1391 317 1454 καλ
329 1390 361 1452 Γ
358 1390 488 1477 ιρμανὸν
501 1390 535 1456 di
548 1389 751 1476 ποιμενάρχην
765 1397 821 1456 τοῦ
834 1384 962 1478 θρόνου,

164 1493 248 1562 1705
266 1497 311 1581 τῷ
325 1495 469 1574 δυσσεβεῖ
479 1491 606 1580 δόγματι
619 1495 664 1580 μὴ
678 1495 883 1577 πεπεισμένον,

266 1593 380 1674 ἐλάσας
395 1596 555 1682 duriorque
570 1604 608 1686 τῇ
622 1600 733 1684 ποίμνῃ
749 1595 850 1665 λύκον.

266 1700 356 1768 ταῦτ’
375 1697 436 1788 ἄρα
447 1699 549 1788 Ῥώμη
562 1709 725 1790 πρεσβῦτις
737 1709 791 1785 τῆς
802 1698 879 1792 πρὸς
892 1697 962 1767 slas

366 1845 434 1899 1701
446 1861 479 1897 en
490 1845 599 1900 alterum
606 1847 771 1914 Byzantinus
782 1843 957 1899 bibliothecae
966 1841 1113 1896 incendium
1121 1839 1269 1895 subitonus

329 1912 456 1977 hanrico,
470 1923 530 1985 post
543 1915 651 1984 primum
663 1917 733 1984 quod
745 1915 843 1968 accidit
853 1917 902 1968 sub
915 1911 1042 1967 Basilisco
1054 1912 1192 1992 (nihili).
1213 1927 1267 2031 (pap

329 1982 381 2036 iam
398 1983 482 2035 minus
498 1985 621 2038 miremur
633 1993 673 2038 tot
687 1993 807 2038 auctores
819 1983 979 2054 sempiterno
992 1982 1072 2034 exitio
1085 1980 1207 2050 periisse.
1257 2014 1265 2031 .

366 2054 433 2106 1706
445 2053 485 2105 hia
496 2054 582 2122 lactis,
599 2071 668 2122 quac
678 2056 712 2107 ob
723 2054 848 2108 Germani
860 2052 1025 2123 patriarchas
1037 2049 1208 2104 constantiam
1220 2065 1267 2100 or·

331 2117 535 2192 tbodcxiamque
558 2121 765 2192 collaudandam,
792 2133 870 2192 atque
888 2123 922 2175 oh
939 2119 1038 2176 Leonis
1054 2117 1166 2174 hanrici
1182 2117 1268 2188 isupe-

330 2189 428 2243 ratoris
461 2192 665 2252 crudelissimam
698 2192 827 2246 haeresint
862 2191 1048 2258 obiurgandum
1080 2187 1146 2242 dicit
1177 2197 1269 2240 noster

331 2258 524 2345 Ephraemiue,
548 2262 675 2346 puderet,
698 2263 794 2346 credo,
817 2261 840 2315 si
860 2261 976 2328 viveret,
994 2259 1127 2312 Cenaeum
1145 2254 1269 2310 doctissi-

333 2326 1271 2468 ellntltltlllttlltnlttttttlttd*trittinstitit

336 2467 464 2521 Germani
478 2470 656 2538 pertinacium
671 2471 807 2538 patienter
820 2470 886 2522 tulit
898 2467 1112 2521 clementissimus
1125 2466 1272 2534 imperator

334 2537 412 2603 (Leo
429 2537 597 2606 Isauricus);
615 2557 676 2592 cum
693 2557 754 2594 uero
771 2539 856 2592 nullis
873 2538 987 2605 monitis,
1004 2535 1089 2590 nullia
1105 2533 1273 2588 documentis

335 2607 373 2661 ad
389 2623 484 2658 ennam
501 2616 614 2660 mentem
631 2617 657 2662 ct
674 2609 848 2662 obedientium
864 2607 976 2662 decretis
991 2604 1127 2659 Caesareis
1144 2622 1176 2658 σο
1192 2619 1271 2671 ιμπο-

335 2675 403 2730 dicie
418 2678 612 2744 praestandam
629 2678 730 2731 adduci
745 2685 848 2748 posset,
875 2693 948 2730 σππο
965 2677 1071 2728 demum
1088 2675 1153 2744 730,
1178 2673 1272 2726 lenhitu

334 2745 451 2816 synodo,
468 2747 530 2800 sede
544 2749 725 2816 patriarchali
741 2755 830 2802 motus
846 2741 913 2801 est?
946 2745 994 2798 sed
1010 2745 1049 2798 ita
1063 2742 1181 2796 nimirum
1199 2740 1273 2812 loqui
1387 2747 1388 2794 ζ

336 2813 422 2868 solent
448 2815 580 2885 homines,
609 2835 665 2872 cum
693 2817 872 2888 praeiudicato
896 2815 1008 2884 partium
1026 2812 1113 2867 studio
1129 2811 1271 2867 iactantur.
1387 2805 1388 2830 ¹

338 2901 401 2938 ecce
427 2885 496 2938 enim
521 2886 641 2940 Cerasus
667 2885 752 2954 idem,
778 2883 931 2957 pontificiae
954 2881 1135 2950 auctoritatis,
1164 2889 1195 2934 ut
1217 2888 1273 2932 tum

337 2958 457 3075 λοιρρριο
474 2962 564 3024 erant,
582 2955 642 3009 odio
660 2956 788 3026 inbutus,
806 2955 833 3007 in
852 2953 1017 3024 praefatione
1033 2968 1154 3020 quoque,
1171 2969 1200 3020 p.
1212 2965 1273 3018 xxr,

239 3069 245 3088 Ι
338 3021 380 3074 ins
422 3039 463 3076 um
488 3041 603 3077 errorem
628 3043 661 3078 ex
684 3024 769 3088 eliens
793 3024 905 3078 ridicula
928 3020 1176 3074 relatione'hausit.
1211 3019 1275 3088 qnia

337 3092 405 3144 enim
433 3093 461 3146 in
483 3093 660 3147 bibliothecae
677 3095 821 3148 vaticanae
840 3092 952 3162 publicis
968 3091 1070 3158 legibue
1086 3089 1150 3142 illud
1168 3104 1275 3158 quoque

337 3160 486 3216 mandatum
499 3170 548 3231 est,
566 3173 595 3216 ut
612 3181 628 3216 a
644 3163 738 3232 peritis
754 3163 927 3233 scriptoribus
943 3159 1045 3228 antiqui
1061 3159 1176 3225 codices,
1192 3157 1215 3210 si
1228 3155 1275 3225 qni

337 3231 410 3283 carie
428 3231 470 3284 vel
487 3231 539 3285 alio
558 3232 704 3286 chartarum
723 3233 789 3287 uitio
805 3230 984 3286 vehementius
1002 3229 1135 3310 laborant,
1158 3226 1276 3294 diligen·

341 3308 384 3352 tar
401 3306 429 3353 ct
445 3300 596 3355 fidelissime
614 3302 809 3372 exscribantur,
827 3310 906 3370 atque
921 3299 960 3352 itu
977 3307 1031 3350 tum
1048 3304 1125 3350 vetus
1143 3294 1278 3368 exemplar

339 3374 394 3422 tum
420 3385 516 3424 novum
541 3371 615 3424 iuxta
638 3369 813 3437 custodietur,
838 3369 866 3421 id
884 3384 939 3422 curn
956 3384 1005 3420 suo
1022 3367 1137 3422 relatore
1154 3366 1278 3418 (λοοαοαι

340 3439 374 3491 ad
399 3437 497 3509 impiae
521 3440 623 3494 itandis
647 3440 822 3509 suspicionem
839 3437 944 3507 oblique
960 3435 1106 3503 conuertit,
1134 3434 1211 3504 quasi
1228 3451 1277 3486 nos
1386 3451 1387 3474 ι

340 3507 408 3560 adeo
424 3511 620 3578 corrumpendis
637 3509 787 3562 auctoribus
802 3506 983 3576 indulgeamus
1001 3513 1030 3558 ut
1046 3505 1072 3558 ei
1088 3506 1128 3559 rei
1142 3504 1279 3574 proprium

341 3577 420 3630 etiam
443 3593 535 3632 munus
561 3589 589 3633 et
611 3581 754 3633 conductos
776 3577 908 3647 stipendio
931 3574 1050 3628 homines
1073 3571 1279 3628 decreverimus.

342 3661 395 3714 quo
420 3645 491 3701 dicto
516 3647 582 3770 ulllss
605 3647 810 3720 imprudentius,
838 3645 903 3700 uihil
923 3644 1001 3716 gravi
1019 3651 1127 3700 numere
1142 3642 1279 3712 indignius

341 3732 402 3771 asse
416 3723 517 3786 potest.
564 3753 573 3772 .

176 3831 232 3906 ipsi
253 3831 395 3905 plurimos,
421 3835 518 3903 (1695)
539 3833 585 3903 qui
602 3840 709 3888 chenus
725 3850 810 3904 usque
826 3833 859 3888 ad
875 3831 1029 3903 sauguinem
1044 3834 1214 3885 certaverunt
1228 3844 1280 3901 pro

177 3905 329 3958 veneranda
352 3903 450 3962 domini
471 3905 513 3959 sui
536 3903 658 3972 imagine.
693 3904 722 3956 in
741 3903 901 3958 biscoctum
919 3901 1055 3958 duodecim
1072 3898 1229 3972 sapientium
1247 3915 1280 3952 ac

178 3972 303 4028 docendis
327 3971 411 4026 literis
435 3971 657 4056 praepositorum,
684 3990 805 4028 cumsuo
824 3973 990 4044 praesulcet
1009 3972 1081 4026 ritae
1104 3970 1280 4036 moderatore,
1385 3961 1386 4010 l

177 4044 272 4113 (1700)
295 4059 371 4111 quem
395 4041 513 4111 magistu
536 4040 697 4095 oecumenici
721 4045 833 4097 ornabat
855 4042 986 4112 dignitas,
1013 4039 1114 4093 Christi
1131 4039 1282 4092 combustos

178 4119 309 4182 martyres
332 4111 434 4178 effecit,
461 4127 518 4164 cum
541 4108 702 4166 bibliothece
725 4111 850 4166 librorum
875 4111 1077 4167 instructissima
1094 4107 1160 4162 diris
1176 4105 1281 4176 impiis-

179 4197 232 4250 que
255 4178 364 4234 flammis
387 4196 433 4232 eos
454 4181 602 4238 absumens.
638 4182 797 4236 Germanum
828 4197 932 4252 quoque
958 4178 1104 4264 praesulem
1128 4176 1284 4250 primarium

179 4248 276 4316 (1705)
294 4245 444 4316 irreligioso
461 4247 576 4316 dogmati
593 4249 662 4304 haud
679 4251 864 4306 assentientem
882 4248 996 4321 expulit,
1024 4257 1052 4301 et
1074 4265 1124 4317 pro
1141 4263 1174 4300 eo
1191 4245 1284 4314 lupum

180 4317 295 4372 obtrusit
318 4316 406 4388 gregi.
439 4317 536 4374 iccirco
560 4318 644 4376 Romu
664 4321 754 4376 senior
776 4321 904 4378 adversus
927 4335 1022 4377 uosaru
1036 4315 1193 4373 ιλίιιοοίοτίο
1209 4331 1283 4370 corn-
