2802 4688
144 303 202 374 26
568 297 833 376 sanaremus

252 472 383 551 πολλοδς
398 471 517 559 άγῶνας
531 471 638 562 άνέτλη
651 478 702 542 καὶ
713 474 878 560 κινδύνους,

251 577 298 643 aa
313 583 527 666 στραταρχῶν,
549 579 619 648 κατ’
637 582 759 668 ἐχθρῶν
772 590 863 651 κινῶν
877 581 962 673 δδρυ.

254 677 318 746 εἶτα
331 681 507 772 σφαγέντων
519 679 672 770 συγγόνων
685 685 717 750 ἐν
729 682 853 780 ἑσπέρα,

249 785 373 868 τοῦμὲν
389 792 543 863 κινοῦντος
554 788 633 854 καθ’
649 785 817 874 δμαέμονος
830 793 915 880 ξίφη,

161 885 224 955 415
249 893 306 954 τοῦ
319 884 521 966 Κῶνστοντος
535 889 659 980 δέ-πρδς
671 895 865 980 Μογνεντέον
880 891 973 984 δόλῳ,

247 987 348 1078 πάσης
361 995 506 1082 κατῆρξεν
519 989 649 1083 ἑσπέρας
660 999 710 1062 καὶ
723 1003 778 1082 τῆς
790 999 841 1080 δἐι,

247 1095 440 1182 Μαγνέιτιον
451 1097 507 1181 μέν
521 1095 635 1166 άνελῶν
645 1099 749 1185 μάχης
760 1098 856 1192 νόμῳ,

244 1197 298 1264 τδν
313 1200 345 1265 δ’
364 1190 405 1264 αὐ
418 1201 611 1286 Βρετανέωνοι
624 1203 678 1270 τδν
692 1205 880 1293 νακεργάτην

244 1297 377 1386 ὐπηκάον
390 1305 458 1380 θεὶς
471 1297 711 1373 κατασεισέἐὲντα
724 1306 825 1399 φόβῳ.

158 1405 222 1472 420
244 1400 376 1493 ὐπῆρχεν
389 1397 479 1485 οὐτος
487 1407 617 1496 εὐχερὴς
628 1411 684 1494 μὲν
696 1412 751 1476 τδν
761 1411 875 1499 τρόπον
915 1463 918 1470 «

246 1511 297 1573 καὶ
310 1507 439 1593 πάμπαν
454 1511 639 1598 εὐρέπιστος,
662 1514 773 1598 άνέμου
787 1517 889 1595 πέδον,

244 1610 402 1697 πειθήνιδς
414 1639 446 1680 τε
459 1625 524 1693 τοΐς
537 1616 772 1704 άρειομανέτοις,

245 1713 331 1780 {tior
345 1718 379 1782 δὲ
391 1717 445 1782 τὸν
459 1725 531 1784 νοῶν
546 1723 589 1797 εἷς
602 1722 695 1804 σέβας
711 1721 889 1808 ἐρρωμένος,

241 1815 363 1908 ιιράτωρ
381 1819 520 1908 ἀριστεὺς
534 1825 585 1889 καὶ
601 1825 741 1910 μαχητὴς
753 1824 908 1910 γεννάδας,

152 1921 216 1988 425
240 1919 333 2006 ἧδάς,
354 1923 525 2010 προσηνής,
549 1927 674 2012 εὐμενὴς
689 1925 845 2012 ὐπηιιόοις,

242 2027 314 2114 περέ
324 2051 358 2092 τε
372 2025 429 2111 τὴν
440 2029 558 2094 δίαιταν
572 2029 719 2116 ἐγκρατὴς
732 2029 810 2114 άγαν

240 2130 292 2194 καὶ
305 2127 511 2218 σωφρονικῶς,
536 2134 588 2196 καὶ
603 2137 716 2198 παθῶν
731 2129 941 2222 αὐτοκράτωρ.

239 2235 291 2296 καὶ
302 2231 359 2310 τδις
372 2234 484 2320 κρίσεις
496 2227 533 2318 ἦν
546 2234 682 2324 ἐκφέρων
695 2234 774 2302 κατὰ
787 2234 912 2320 νόμους,

240 2334 434 2422 δικαιοσάνης
450 2337 482 2402 δ’
500 2336 644 2420 οὐδαμῶς
660 2335 862 2425 ὐπειιτρέχων,
934 2378 936 2391 ·

149 2435 213 2505 430
237 2437 476 2526 ἀρχαιρεσιάζων
491 2466 523 2505 τε
537 2437 680 2527 καθάπερ
695 2441 773 2518 δέον,

236 2539 293 2618 τάς
308 2541 394 2620 arieg
405 2568 437 2608 τε
450 2542 630 2628 προσνέμων
643 2552 706 2618 τοῖς
722 2541 826 2622 άξέοις,
938 2626 939 2631 ¹

236 2646 287 2709 καὶ
302 2642 402 2710 πάντα
415 2651 511 2710 ποιῶν
524 2643 581 2711 οὐν
593 2641 674 2734 λόγῳ
686 2644 726 2710 τά
738 2653 793 2712 τοῦ
806 2643 946 2735 κράτους,

237 2747 274 2813 οὐ
288 2745 490 2834 συναριδμῶν
502 2749 610 2814 οὐδένα
623 2749 766 2840 γερουσέρι

235 2847 269 2926 δς
284 2849 320 2916 οὐ
333 2851 458 2936 μετέσχε
470 2857 531 2918 τῶν
545 2857 652 2940 σοφῶν
664 2849 878 2936 παιδευμάτων

147 2949 211 3018 435
234 2953 312 3037 μηδ’
332 2947 373 3022 αὐ
386 2957 480 3042 λέγειν
493 2953 607 3040 ἤσκητο
622 2957 673 3021 καὶ
686 2961 787 3034 καλῶς
800 2953 927 3048 γράφειν

236 3056 450 3144 καταλογάδην
465 3059 522 3126 εἴτε
537 3059 651 3150 ῥυθμῷ
666 3063 717 3126 καὶ
729 3061 842 3151 μέτρῳ,

182 3221 185 3230 ’
298 3219 350 3302 tta
367 3221 406 3276 itu
423 3222 483 3277 ced.

129 3359 1235 3500 studiturus:titttrttttttttittttrituratus?

128 3497 194 3564 hus,
215 3497 389 3551 Constantino
408 3499 470 3568 quia
487 3499 594 3553 fratrem
612 3502 690 3554 armis
707 3501 895 3567 lacessiverat,
913 3497 990 3568 (415)
1009 3499 1153 3554 Constante
1166 3497 1235 3554 dolis

128 3563 276 3634 magnentii
300 3567 424 3636 irretito,
450 3567 521 3620 orbis
546 3569 664 3623 universi
690 3569 861 3623 Constantius
887 3577 1019 3637 sceptrum
1044 3568 1138 3622 tenuit.
1174 3583 1234 3620 nam

128 3633 310 3704 Magnentium
327 3636 433 3706 quidem
451 3637 513 3690 belii
529 3638 588 3692 iure
604 3638 723 3693 sustulit:
742 3645 770 3691 at
784 3637 985 3707 vetranionem,
1003 3637 1048 3706 qui
1066 3641 1173 3706 praeter
1189 3638 1234 3690 ias

128 3719 160 3756 se
172 3713 299 3776 gesserat,
319 3707 468 3788 perculsum
484 3713 553 3760 metu
569 3708 698 3761 subditum
713 3709 765 3762 sibi
777 3707 853 3760 fecit.
888 3707 968 3774 (420)
986 3715 1044 3760 erat
1060 3707 1235 3760 Constantius

128 3781 223 3843 suapte
239 3775 338 3844 ingemi
356 3775 438 3844 levis,
457 3793 565 3845 prorsus
582 3776 714 3846 versatilis
730 3794 779 3830 ceu
790 3775 877 3846 pulvis
889 3785 969 3828 vento
982 3775 1132 3844 expositus,
1150 3791 1234 3845 seque

127 3843 162 3896 ab
179 3842 237 3896 Arii
254 3845 379 3898 studiosis
397 3845 502 3899 sinebat
520 3846 597 3913 duci,
623 3861 771 3916 quanquam
789 3846 847 3924 ipse
866 3845 977 3897 animum
994 3845 1167 3898 orthodoxum
1183 3863 1233 3913 ge-

126 3918 215 3980 reret,
241 3914 365 3983 prineeps
388 3915 525 3984 egregius,
551 3921 672 3968 strenuus
696 3916 822 3982 bellator,
855 3913 932 3984 (495)
957 3913 1082 3982 blandas,
1108 3915 1231 3982 affabilis,

125 3980 265 4035 benivolus
282 4000 346 4050 erga
362 3984 497 4052 subditos,
514 3985 582 4037 idem
595 3984 648 4037 eibi
659 3993 788 4054 potusque
802 3982 1067 4055 temperantissimus,
1085 3983 1232 4050 continens,

126 4051 207 4104 animi
224 4051 397 4121 cupiditatum
415 4053 550 4122 dominus,
567 4053 655 4108 dicere
672 4055 714 4106 ius
732 4072 764 4106 ex
780 4054 866 4123 legum
882 4069 972 4106 norme
988 4050 1092 4119 solitus,
1111 4067 1197 4121 neque
1215 4069 1233 4106 a
1301 4071 1303 4076 ’

126 4120 230 4174 iustitia
251 4120 330 4174 iatum
353 4139 464 4191 unguem
487 4121 645 4186 discedente
667 4123 745 4190 (430)
762 4130 817 4178 tum
835 4132 862 4178 et
878 4122 1045 4190 magistratus
1065 4139 1113 4190 pro
1132 4123 1233 4176 meritis

127 4189 245 4260 eligens,
262 4189 350 4260 dignis
366 4191 512 4246 hominibus
529 4191 670 4260 dignitates
687 4190 817 4262 largiens,
835 4193 929 4248 cuneta
945 4190 1059 4258 denique
1075 4191 1104 4242 in
1120 4191 1232 4262 imperio

128 4257 262 4328 sapienter
278 4276 383 4328 gerens.
419 4275 505 4328 neque
524 4259 551 4312 in
568 4267 684 4314 senatum
701 4263 849 4333 quempiam
864 4271 978 4329 unquam
993 4259 1059 4326 legit
1077 4261 1129 4313 nisi
1146 4260 1232 4313 doctis

126 4327 251 4386 imbutum
269 4327 428 4400 disciplinis,
447 4327 525 4398 (4³5)
544 4336 571 4384 et
587 4329 633 4400 qui
648 4337 721 4384 reete
733 4333 824 4388 dioere
835 4335 953 4400 beneque
964 4329 1081 4384 scribere
1093 4344 1140 4384 eeu
1152 4346 1232 4400 prosa
