2802 4688
282 1323 530 1416 ANGELl
567 1325 717 1416 ΝΙΑΙΙ
753 1323 1158 1418 PRAEFATIO.

609 1627 818 1640 Μ...-

160 1839 313 1948 Historia
339 1883 454 1948 llomani
482 1882 609 1970 imperii,
642 1884 716 1968 qood
745 1896 851 1951 mature
875 1886 904 1951 in
928 1886 1081 1952 Occidente
1109 1889 1270 1956 exstinctum

158 1999 246 2088 longe
263 2001 413 2068 diuturnius
431 2001 459 2066 in
477 2003 596 2068 Oriente
614 2025 700 2090 nsque
717 2005 754 2068 ed
772 2015 880 2092 captam
902 2027 920 2068 a
941 2003 1039 2070 Turcis
1057 2004 1167 2092 Cpolim
1184 2009 1271 2074 vitum

157 2139 235 2184 mam
252 2123 436 2208 propagavit,
459 2121 603 2186 multorum
622 2121 749 2209 prolecto
767 2124 881 2212 ingenia
899 2121 1109 2208 facultatemque
1126 2125 1269 2192 scribetmi

156 2239 299 2318 exercuit,
331 2252 412 2326 atque
440 2241 469 2304 in
496 2239 544 2304 his'
569 2241 721 2328 praecipue
744 2241 925 2328 Byzantinos,
954 2252 983 2306 ut
1010 2241 1095 2332 vulgo
1121 2241 1267 2330 loquimur,

157 2355 269 2423 facundi
287 2358 345 2424 oris
362 2357 508 2434 homines,
533 2379 647 2444 quorum
667 2381 770 2445 magna
789 2371 817 2423 et
834 2358 964 2442 perutilia
985 2359 1124 2422 volumina
1142 2379 1160 2423 a
1178 2361 1266 2427 Gnlll

154 2476 234 2540 canis
257 2473 324 2540 olim
349 2476 422 2565 tppis
445 2476 618 2560 accepimus,
647 2495 718 2539 nnnc
739 2474 829 2539 antem
847 2476 1011 2540 consociatis
1029 2475 1103 2540 auris
1121 2479 1266 2565 recognita

154 2595 290 2680 novisque
307 2596 487 2660 monumentis
505 2593 671 2680 locupletata
693 2587 825 2660 Germani
848 2592 976 2658 homiues
1000 2593 1165 2674 doctissimi,
1199 2592 1264 2662 con·

152 2715 218 2780 silio
237 2727 267 2780 et
282 2736 340 2800 ope
356 2713 396 2778 ill.
415 2711 580 2789 Niebuhrii‚
614 2735 707 2778 rursus
726 2712 867 2778 exhibent.
910 2711 979 2778 mihi
1003 2733 1040 2777 ex
1064 2714 1101 2778 iis
1122 2717 1171 2802 qui
1190 2715 1263 2782 Cae·

115 2813 119 2829 ¹
149 2855 262 2899 saraam
285 2833 430 2898 historiam
454 2831 623 2918 scripserunt
648 2831 731 2896 valde
749 2831 822 2896 utilis
840 2843 922 2918 atque
941 2811 1108 2916 exoptabilis
1127 2833 1201 2908 visus
1220 2847 1263 2901 est

149 2953 353 3040 Ephraemins,
386 2951 464 3016 ouius
490 2951 643 3016 chronicon
668 2951 792 3016 iambicis
815 2949 943 3016 semibus
961 2947 1133 3014 elaboratum
1154 2950 1191 3015 alt
1209 2953 1260 3018 im·

148 3071 224 3160 perii
246 3069 393 3136 fundatore
413 3069 484 3134 lulio
503 3069 628 3135 Gaemre
645 3092 731 3155 usque
748 3069 785 3134 ad
802 3081 945 3156 receptam
962 3088 981 3132 a
999 3067 1118 3132 Graecis
1136 3090 1154 3133 e
1171 3069 1259 3136 Fruu-

149 3213 244 3256 conum
275 3189 462 3254 dominatione
491 3187 601 3274 Cpolim
628 3212 682 3276 per
709 3189 786 3257 mille
813 3187 920 3256 scilicet
943 3209 978 3255 ac
1004 3198 1145 3254 trecentos
1173 3209 1261 3254 annos

146 3309 314 3376 ostenditur.
375 3309 431 3373 iam
458 3307 506 3374 hio
532 3306 679 3374 historicus
707 3329 764 3372 nou
790 3307 878 3372 solum
905 3306 1023 3373 ineditus
1051 3319 1128 3384 erat,
1161 3329 1260 3374 verum

145 3429 231 3494 etiam
256 3438 349 3491 tantae
373 3426 495 3514 raritatis
513 3437 542 3492 nt
559 3425 668 3491 nonnisi
685 3426 714 3492 in
732 3427 812 3492 unico
829 3425 1020 3491 bibliothecae
1039 3423 1190 3490 Vaticanae
1208 3447 1256 3490 oo·

144 3545 210 3612 dice
233 3549 316 3614 1003
338 3568 487 3632 superesse
506 3546 643 3612 videatur.
686 3545 790 3631 primus
819 3543 892 3610 hunc
923 3555 1064 3610 auctorem
1088 3563 1254 3610 commemo·

143 3667 233 3742 ravit,
255 3663 330 3752 qnod
347 3687 407 3754 ego
423 3665 523 3742 sciam,
541 3663 656 3730 saeculo
673 3665 766 3750 quinto
783 3663 893 3731 deciano
911 3662 1036 3751 lleplnattl
1054 3661 1256 3728 Volaterranos

143 3784 174 3849 in
197 3784 402 3852 commentariis
427 3783 539 3850 omanis
565 3783 614 3850 lib.
641 3785 680 3850 15
701 3807 731 3870 p.
756 3788 831 3850 176:
858 3787 1015 3868 Epdrcem
1040 3785 1176 3843 Graecus
1196 3783 1251 3842 duc·

142 3909 237 3966 cenete
257 3906 370 3970 abluisse
389 3909 481 3968 annia
499 3909 579 3978 vitae
595 3910 771 3989 primusprirus
795 3906 1022 3985 opolitcmu
1039 3900 1168 3970 iambico
1183 3919 1250 3962 ΜΓ·

142 4029 225 4084 mine
259 4030 394 4108 scrupeit,
427 4025 512 4109 quod
543 4047 618 4108 opusc
651 4029 691 4086 in·
717 4025 896 4086 bibliotheca
928 4011 1080 4086 Vaticana
1107 4023 1248 4080 cmm.

139 4153 224 4228 atque
247 4141 304 4208 hoc
328 4143 505 4212 Volaterrani
529 4143 713 4210 testimonium
736 4164 791 4209 nou
816 4141 894 4208 latuit
914 4139 1043 4207 Vossium
1061 4137 1096 4204 de
1113 4136 1178 4202 hist.
1199 4136 1253 4220 Gn
1315 4163 1326 4178 ''
1381 4235 1382 4244 ἵ

137 4259 190 4326 lib.
216 4267 236 4331 2
270 4265 321 4332 29.
365 4265 468 4331 deinde
490 4264 688 4354 Ephnaemium
710 4283 799 4348 saepe
823 4261 859 4325 ad
882 4267 978 4346 portel
1000 4255 1112 4322 sumsit
1134 4267 1254 4338 magum
