2836 4680
396 317 453 382 DE
476 311 635 383 Ioanne
656 315 771 384 *DUGA
796 315 1004 388 VATATZE.

259 489 376 555 Κισσὸν
388 489 585 575 παραμείψας
597 488 631 552 δὲ
644 485 791 576 φ’ροάριον
808 487 942 581 Θράκης,

158 590 240 658 8485
254 589 367 678 Ἕβρου
380 618 411 658 τε
426 590 479 658 τὸν
491 590 564 679 ῥοῦν
578 591 746 678 ἔκπεράοας
759 591 895 678 ἱππότης,

260 695 337 760 ἐὐθὺ
353 701 471 778 Ζιχντῦν
485 693 595 778 ἤλαυνε
609 700 663 759 τοῦ
676 697 840 778 πολιχνίου.

259 796 383 882 μήνυμα
396 799 426 863 cl’
441 790 510 883 ἧκεν
523 795 593 876 ὡςὸ
608 795 793 883 Βουλγάρων
807 797 883 876 άναξ

259 899 455 984 Καλλιμάνος
470 903 604 968 λέλοιπα
618 898 704 984 ἡλίου
721 893 816 988 φάος·

233 1007 236 1014 ’
258 1007 374 1090 βαίνων
391 1007 422 1070 δ’
441 1003 524 1088 ὅμως
540 1007 679 1092 cipriane
695 1005 815 1091 Σίρρας
826 1004 882 1088 τὴν
897 1001 993 1086 πάλιν,

158 1103 242 1172 8490
258 1107 297 1190 ἢν
312 1112 361 1174 καλ
375 1106 587 1195 παρεστήσατο
600 1117 667 1185 ταῖς
681 1108 860 1191 εὖβουλίαις,
987 1113 990 1121 ’

259 1213 376 1278 Μυσοῦ
388 1212 544 1299 Λραγωτιλ
556 1209 746 1296 παραδόντος
757 1211 812 1294 τὴν
824 1207 922 1290 πόλιν,

258 1321 314 1380 τοῦ
326 1319 416 1400 τῆσδε
430 1312 626 1404 φρουράρχου
640 1340 672 1380 τε
688 1317 739 1380 καί
752 1313 978 1399 πρωτοστάτοα.

259 1420 498 1507 φιλοφρονηθεὶς
513 1420 544 1482 d’
562 1416 595 1482 ίκ
608 1419 758 1499 βασιλίως
770 1415 821 1482 tue

258 1519 334 1608 πρὸς
346 1523 517 1589 Μελενίκου
532 1521 587 1604 τὴν
604 1520 692 1586 πάλιν
705 1518 870 1602 ἀπεστάλη.

158 1622 240 1690 8495
259 1621 322 1690 ἐἶτα
329 1673 339 1704 ,
365 1626 397 1690 τί
407 1626 506 1690 πολλά
518 1622 689 1708 μηκίνοντα
705 1627 757 1689 δεῖ·
767 1625 894 1709 γράφειν
901 1653 914 1706 ςῚ

257 1726 312 1792 σὺν
329 1724 472 1814 Νικολάῳ
489 1729 700 1812 Μαγκλιιβίτη
711 1727 884 1808 τούπίκλην,

260 1831 346 1916 άνιλρλ
361 1833 502 1917 ,φρονίμῳ
518 1832 568 1894 καὶ
583 1827 662 1894 πάνυ
674 1829 859 1916 ιλραοτηρίηι,

258 1936 461 2019 παραδιδοῦσι
476 1919 519 2020 τῷ
532 1929 688 2018 κρατάρχη
702 1919 758 2015 τὴν
770 1929 867 2012 πάλιν,
930 1954 933 1960 ’
1017 1939 1021 1955 “

259 2036 293 2101 τὸ
312 2032 576 2121 πρὶνπροβάντοιν
586 2031 847 2122 χροσοσημάντων
863 2031 969 2119 λόγων
1041 2057 1044 2062 ’

158 2135 241 2202 8500
260 2137 504 2226 ε’ρυθρογράηων
520 2140 552 2216 ἐξ
563 2137 694 2214 άναειτος
707 2135 749 2218 ὡς
763 2137 846 2216 ἔθος,

144 2251 146 2260 ’
257 2240 341 2306 πόλει
359 2239 532 2307 τυποάντων
548 2242 665 2326 δωρεάς
677 2244 832 2325 χορηγίας.

258 2342 372 2409 τούτων
388 2346 590 2410 τελεσθέντων
603 2346 635 2408 δὲ
649 2343 734 2414 τάνδε
748 2345 800 2411 τὸν
815 2341 926 2428 τρόπον

259 2449 287 2511 oi
303 2447 466 2530 κρείττονάς
480 2473 511 2512 τε
529 2451 579 2512 καὶ
594 2450 785 2534 περίβλεπτοι
800 2448 875 2532 γάνει

259 2548 422 2633 οἰκητόρων
434 2551 542 2633 ἥκουσι
556 2551 783 2636 πρὸςβασιλία,

158 2652 238 2718 8505
258 2656 307 2718 καὶ
322 2659 439 2735 μᾶλλον
456 2650 605 2738 eigilem
619 2679 650 2718 τε
666 2657 716 2718 καὶ
731 2652 816 2736 μάχη
830 2651 917 2738 φίλα,

259 2755 366 2843 άνιλρις
381 2761 527 2843 σθεναρολ
542 2755 681 2842 γεννάάαι
698 2757 859 2842 ῥωμαλέοι,

259 2862 378 2936 πλείους
394 2862 520 2948 ἀριθμῷ
533 2861 736 2926 πεντακοσίων
746 2858 842 2942 τάχα,

259 2966 310 3027 καὶ
326 2963 767 3052 βασιλεΐτίνουσιχπράσφορον
781 2963 884 3045 σε’βας.

261 3062 324 3129 εἶτα
341 3072 486 3152 κατῆρξεν
502 3067 610 3150 ἀμαχεὶ
625 3065 822 3152 Ἰοτεφηςιάρος
841 3121 842 3126 ,

158 3169 242 3232 8510
260 3163 451 3252 Στενομάχου
468 3196 499 3234 τε
517 3172 684 3253 Τζεπαίνης
697 3171 866 3253 πολιχνίων,

155 3429 245 3498 teriit,
269 3425 365 3498 (8485)
388 3429 559 3501 Hebrumque
579 3433 675 3487 flumen
693 3437 785 3486 vectus
801 3447 869 3501 equo
885 3427 1167 3483 tranans‘Ziclrnorum
1186 3429 1255 3484 illico

156 3499 234 3553 alluit
251 3500 400 3552 urbeoulae.
425 3498 463 3552 ibi
480 3501 608 3556 intellexit
624 3502 795 3571 Bulgerororn
812 3517 901 3570 regern
919 3498 1090 3554 Callimanurn
1109 3499 1182 3552 vitali
1200 3501 1253 3570 pri-

157 3575 244 3622 vatum
260 3568 329 3620 lnce.
365 3577 480 3622 attamen
497 3587 610 3640 pergens
628 3574 721 3625 Serras'
738 3587 822 3640 usque
838 3569 925 3635 uenit,
951 3566 1047 3635 (8490)
1071 3587 1147 3638 quern
1168 3577 1195 3622 et
1212 3585 1256 3622 sa-

154 3655 221 3705 gace
239 3637 353 3692 obtinuit
369 3639 494 3707 consilio,
520 3639 612 3693 Moeso
629 3643 749 3710 Dragota
766 3638 890 3708 oppidnrn
907 3639 1043 3706 tradente,
1062 3639 1135 3690 cuins
1151 3637 1269 3760 pressi·

154 3708 199 3758 dio
222 3711 250 3758 et
272 3723 352 3759 curae
375 3709 522 3761 mandatum
540 3709 636 3763 fuerat.
671 3711 715 3762 hic
732 3709 855 3762 delinitus
873 3703 1021 3760 accesere
1039 3705 1135 3760 ciliciis

154 3785 197 3829 eet
214 3775 247 3827 ed
263 3777 353 3829 urbem
373 3776 539 3832 Melenicum.
575 3778 672 3847 (8495)
688 3779 712 3831 is
730 3786 815 3830 eutero
831 3779 883 3846 (ne
900 3793 955 3829 reru
972 3774 1050 3844 longo
1066 3793 1186 3830 sermone
1201 3776 1254 3828 dii-

153 3845 256 3912 iorum)
277 3863 334 3898 cunr
351 3845 463 3898 Nicolao
481 3847 635 3917 conspirans
652 3847 822 3912 manclavita,
846 3846 948 3914 sagacis
965 3847 1059 3898 ruentis
1074 3846 1132 3900 uiro
1151 3853 1178 3898 et
1196 3846 1257 3898 elli-

154 3913 224 3980 oeci,
252 3913 405 3982 inperatori
428 3922 518 3969 nostro
537 3920 627 3970 urbem
644 3917 767 3983 tradidit,
794 3915 938 3984 praensieso
955 3922 1041 3967 tamen
1060 3931 1139 3967 aureo
1158 3912 1256 3984 tinello,

154 3984 247 4052 (8500)
265 4001 341 4052 quern
360 3985 462 4038 (leesor
475 3985 530 4040 ‘rite
547 3986 626 4039 minio
644 3987 844 4055 subscripserat,
864 3985 925 4037 urbi
941 3985 1086 4054 spondente
1103 3983 1256 4053 largitiones

153 4051 288 4122 plurimes.
323 4053 403 4106 rebus
425 4053 508 4123 igitur
526 4055 575 4108 hoc
593 4056 668 4109 modo
685 4053 852 4124 compositis,
878 4071 939 4107 ecce
959 4054 1099 4124 optimates
1115 4062 1141 4105 et
1158 4057 1255 4123 genere

86 4169 89 4174 .
152 4121 289 4189 conspicui
306 4122 408 4176 incolae
425 4125 499 4178 urbis
515 4127 547 4178 ad
564 4127 704 4178 Gaesarem
721 4131 864 4191 venerunt,
881 4123 975 4192 (8505)
993 4123 1187 4193 praecipueque
1203 4121 1256 4175 viri

154 4191 224 4242 sueti
240 4189 331 4258 bellis,
358 4195 476 4247 asseclae
493 4195 602 4264 Martis,
622 4194 738 4262 strenui,
757 4209 904 4262 pugnaces,
929 4209 1038 4260 quornm
1056 4191 1193 4262 quingenti
1211 4200 1257 4244 aut

154 4259 232 4328 paulo
257 4259 345 4328 plures
372 4262 487 4316 debiturn
511 4263 662 4318 obtuleruut
685 4261 840 4345 obsequium
857 4261 975 4315 Geeeari.
1011 4261 1069 4330 lpse
1086 4261 1181 4314 deinde
1199 4261 1257 4314 sine

154 4328 256 4398 proelio
282 4330 395 4385 obtinuit
419 4333 515 4404 (8510)
536 4332 674 4390 aeneum
692 4331 884 4386 Steurmaclrutu
898 4339 925 4386 et
938 4331 1105 4402 Taepoenam
1120 4339 1257 4400 terresque

1163 3715 1256 3776 egatus
