<?xml version="1.0" encoding="UTF-8"?>
<!DOCTYPE html PUBLIC "-//W3C//DTD XHTML 1.0 Transitional//EN"
    "http://www.w3.org/TR/xhtml1/DTD/xhtml1-transitional.dtd">
<html xmlns="http://www.w3.org/1999/xhtml" xml:lang="en" lang="en">
 <head>
  <title>
</title>
<meta http-equiv="Content-Type" content="text/html;charset=utf-8" />
  <meta name='ocr-system' content='tesseract 3.04.00' />
  <meta name='ocr-capabilities' content='ocr_page ocr_carea ocr_par ocr_line ocrx_word'/>
</head>
<body>
  <div class='ocr_page' id='page_1' title='image "./ephraemius00ephrgoog/ephraemius00ephrgoog_0401.png"; bbox 0 0 2804 4676; ppageno 0'>
   <div class='ocr_carea' id='block_1_1' title="bbox 203 1013 1196 1160">
    <p class='ocr_par' dir='ltr' id='par_1_1' title="bbox 203 1013 1196 1160">
     <span class='ocr_line' id='line_1_1' title="bbox 203 1013 1196 1093; baseline -0.009 -15"><span class='ocrx_word' id='word_1_1' title='bbox 203 1023 260 1078; x_wconf 79' lang='lat' dir='ltr'>Kal</span> <span class='ocrx_word' id='word_1_2' title='bbox 277 1019 470 1093; x_wconf 77' lang='grc' dir='ltr'><strong><em>ποιρνναρχοόν</em></strong></span> <span class='ocrx_word' id='word_1_3' title='bbox 485 1017 537 1076; x_wconf 82' lang='grc' dir='ltr'>τόν</span> <span class='ocrx_word' id='word_1_4' title='bbox 552 1019 710 1092; x_wconf 70' lang='grc' dir='ltr'><strong><em>κατάλογον</em></strong></span> <span class='ocrx_word' id='word_1_5' title='bbox 727 1021 824 1077; x_wconf 78' lang='grc' dir='ltr'><strong><em>σκόπει</em></strong></span> <span class='ocrx_word' id='word_1_6' title='bbox 840 1015 945 1088; x_wconf 73' lang='grc' dir='ltr'><strong><em>Ῥώμης</em></strong></span> <span class='ocrx_word' id='word_1_7' title='bbox 960 1014 1044 1086; x_wconf 75' lang='grc' dir='ltr'><strong><em>νέοις,</em></strong></span> <span class='ocrx_word' id='word_1_8' title='bbox 1065 1013 1196 1086; x_wconf 74' lang='grc' dir='ltr'><strong><em>βέλτιστε,</em></strong></span> 
     </span>
     <span class='ocr_line' id='line_1_2' title="bbox 554 1092 842 1160; baseline -0.003 -14"><span class='ocrx_word' id='word_1_9' title='bbox 554 1092 842 1160; x_wconf 37' lang='grc' dir='ltr'><strong><em>τῆςιίίωνστοιντίνοο.</em></strong></span> 
     </span>
    </p>
   </div>
   <div class='ocr_carea' id='block_1_2' title="bbox 149 1235 898 2153">
    <p class='ocr_par' dir='ltr' id='par_1_2' title="bbox 152 1235 877 1740">
     <span class='ocr_line' id='line_1_3' title="bbox 152 1235 872 1330; baseline -0.004 -24"><span class='ocrx_word' id='word_1_10' title='bbox 152 1242 235 1308; x_wconf 80' lang='lat'><strong>9565</strong></span> <span class='ocrx_word' id='word_1_11' title='bbox 249 1237 287 1308; x_wconf 84' lang='lat'>‘0</span> <span class='ocrx_word' id='word_1_12' title='bbox 295 1235 517 1330; x_wconf 33' lang='grc' dir='ltr'><strong><em>,πρωτόκλητος</em></strong></span> <span class='ocrx_word' id='word_1_13' title='bbox 527 1238 671 1326; x_wconf 77' lang='grc' dir='ltr'><strong><em>Ἀνδρίας</em></strong></span> <span class='ocrx_word' id='word_1_14' title='bbox 684 1235 872 1316; x_wconf 81' lang='grc' dir='ltr'><strong><em>όποστόλοιν,</em></strong></span> 
     </span>
     <span class='ocr_line' id='line_1_4' title="bbox 252 1340 851 1438; baseline -0.005 -28"><span class='ocrx_word' id='word_1_15' title='bbox 252 1352 307 1438; x_wconf 71' lang='grc' dir='ltr'>τῆς</span> <span class='ocrx_word' id='word_1_16' title='bbox 320 1343 471 1427; x_wconf 74' lang='grc' dir='ltr'>εὐσεβείας</span> <span class='ocrx_word' id='word_1_17' title='bbox 485 1343 724 1429; x_wconf 70' lang='grc' dir='ltr'><strong><em>ἐγκατασπείρων</em></strong></span> <span class='ocrx_word' id='word_1_18' title='bbox 737 1340 851 1428; x_wconf 81' lang='grc' dir='ltr'><strong><em>σπόρον</em></strong></span> 
     </span>
     <span class='ocr_line' id='line_1_5' title="bbox 251 1446 871 1530; baseline -0.005 -18"><span class='ocrx_word' id='word_1_19' title='bbox 251 1457 316 1524; x_wconf 75' lang='grc' dir='ltr'><strong><em>τοῖς</em></strong></span> <span class='ocrx_word' id='word_1_20' title='bbox 328 1449 492 1524; x_wconf 82' lang='grc' dir='ltr'><strong><em>Ποντικοῖς</em></strong></span> <span class='ocrx_word' id='word_1_21' title='bbox 505 1447 629 1530; x_wconf 76' lang='grc' dir='ltr'><strong><em>κλίμασι</em></strong></span> <span class='ocrx_word' id='word_1_22' title='bbox 643 1447 694 1511; x_wconf 85' lang='grc' dir='ltr'>καλ</span> <span class='ocrx_word' id='word_1_23' title='bbox 707 1446 871 1524; x_wconf 71' lang='grc' dir='ltr'><strong><em>Βιθυνίας,</em></strong></span> 
     </span>
     <span class='ocr_line' id='line_1_6' title="bbox 253 1545 838 1640; baseline -0.005 -24"><span class='ocrx_word' id='word_1_24' title='bbox 253 1547 316 1640; x_wconf 68' lang='lat' dir='ltr'>delui</span> <span class='ocrx_word' id='word_1_25' title='bbox 329 1549 442 1637; x_wconf 81' lang='grc' dir='ltr'><strong><em>προῖολν</em></strong></span> <span class='ocrx_word' id='word_1_26' title='bbox 455 1551 506 1615; x_wconf 84' lang='grc' dir='ltr'>καὶ</span> <span class='ocrx_word' id='word_1_27' title='bbox 520 1551 693 1630; x_wconf 84' lang='grc' dir='ltr'><strong><em>Βοζαντίόα</em></strong></span> <span class='ocrx_word' id='word_1_28' title='bbox 707 1545 838 1636; x_wconf 73' lang='grc' dir='ltr'><strong><em>φθόνοι·</em></strong></span> 
     </span>
     <span class='ocr_line' id='line_1_7' title="bbox 251 1633 877 1740; baseline -0.002 -23"><span class='ocrx_word' id='word_1_29' title='bbox 251 1651 288 1736; x_wconf 76' lang='grc' dir='ltr'>ἣν</span> <span class='ocrx_word' id='word_1_30' title='bbox 304 1650 475 1740; x_wconf 77' lang='grc' dir='ltr'><strong><em>φαιδρύνας</em></strong></span> <span class='ocrx_word' id='word_1_31' title='bbox 489 1633 638 1738; x_wconf 72' lang='grc' dir='ltr'><strong><em>όόγμόσιν</em></strong></span> <span class='ocrx_word' id='word_1_32' title='bbox 652 1651 758 1716; x_wconf 63' lang='lat' dir='ltr'>dadino</span> <span class='ocrx_word' id='word_1_33' title='bbox 774 1649 877 1736; x_wconf 75' lang='grc' dir='ltr'><strong><em>λόγον,</em></strong></span> 
     </span>
    </p>

    <p class='ocr_par' dir='ltr' id='par_1_3' title="bbox 149 1755 898 2153">
     <span class='ocr_line' id='line_1_8' title="bbox 149 1755 896 1844; baseline -0.008 -21"><span class='ocrx_word' id='word_1_34' title='bbox 149 1757 233 1822; x_wconf 78' lang='grc'>9570</span> <span class='ocrx_word' id='word_1_35' title='bbox 248 1760 379 1844; x_wconf 76' lang='grc' dir='ltr'><strong><em>Χριστῷ</em></strong></span> <span class='ocrx_word' id='word_1_36' title='bbox 393 1755 424 1820; x_wconf 82' lang='grc' dir='ltr'>τ’</span> <span class='ocrx_word' id='word_1_37' title='bbox 443 1755 566 1842; x_wconf 79' lang='grc' dir='ltr'><strong><em>ἀγείρας</em></strong></span> <span class='ocrx_word' id='word_1_38' title='bbox 581 1758 716 1837; x_wconf 68' lang='grc' dir='ltr'><strong><em>εὐσεβῶν</em></strong></span> <span class='ocrx_word' id='word_1_39' title='bbox 727 1755 896 1837; x_wconf 70' lang='grc' dir='ltr'><strong><em>ἐκκλησίας,</em></strong></span> 
     </span>
     <span class='ocr_line' id='line_1_9' title="bbox 250 1852 898 1945; baseline -0.008 -20"><span class='ocrx_word' id='word_1_40' title='bbox 250 1853 406 1945; x_wconf 78' lang='grc' dir='ltr'><strong><em>εόκτήριον</em></strong></span> <span class='ocrx_word' id='word_1_41' title='bbox 422 1856 530 1935; x_wconf 82' lang='grc' dir='ltr'><strong><em>τεόξας</em></strong></span> <span class='ocrx_word' id='word_1_42' title='bbox 543 1883 576 1924; x_wconf 81' lang='grc' dir='ltr'>τε</span> <span class='ocrx_word' id='word_1_43' title='bbox 590 1868 653 1936; x_wconf 85' lang='grc' dir='ltr'><strong><em>τοῖς</em></strong></span> <span class='ocrx_word' id='word_1_44' title='bbox 667 1865 785 1934; x_wconf 86' lang='grc' dir='ltr'><strong><em>πιστοῖς</em></strong></span> <span class='ocrx_word' id='word_1_45' title='bbox 797 1852 898 1940; x_wconf 77' lang='grc' dir='ltr'><strong><em>δόμον</em></strong></span> 
     </span>
     <span class='ocr_line' id='line_1_10' title="bbox 250 1959 833 2050; baseline -0.005 -23"><span class='ocrx_word' id='word_1_46' title='bbox 250 1963 282 2028; x_wconf 73' lang='lat' dir='ltr'>la</span> <span class='ocrx_word' id='word_1_47' title='bbox 294 1959 490 2050; x_wconf 80' lang='grc' dir='ltr'><strong><em>Χρυσοπόλει</em></strong></span> <span class='ocrx_word' id='word_1_48' title='bbox 505 1967 544 2049; x_wconf 81' lang='grc' dir='ltr'>τῇ</span> <span class='ocrx_word' id='word_1_49' title='bbox 557 1962 721 2047; x_wconf 80' lang='grc' dir='ltr'><strong><em>κεκλημίνῃ</em></strong></span> <span class='ocrx_word' id='word_1_50' title='bbox 735 1959 833 2039; x_wconf 79' lang='grc' dir='ltr'><strong><em>πόλει,</em></strong></span> 
     </span>
     <span class='ocr_line' id='line_1_11' title="bbox 249 2061 851 2153; baseline -0.005 -23"><span class='ocrx_word' id='word_1_51' title='bbox 249 2066 411 2132; x_wconf 75' lang='grc' dir='ltr'><strong><em>ίπίσκοπον</em></strong></span> <span class='ocrx_word' id='word_1_52' title='bbox 423 2065 548 2150; x_wconf 71' lang='grc' dir='ltr'><strong><em>τίθησιν</em></strong></span> <span class='ocrx_word' id='word_1_53' title='bbox 561 2067 593 2131; x_wconf 83' lang='grc' dir='ltr'>ίν</span> <span class='ocrx_word' id='word_1_54' title='bbox 605 2062 702 2153; x_wconf 74' lang='grc' dir='ltr'><strong><em>ταύτῃ</em></strong></span> <span class='ocrx_word' id='word_1_55' title='bbox 717 2061 851 2150; x_wconf 82' lang='grc' dir='ltr'><strong><em>Στάχυν,</em></strong></span> 
     </span>
    </p>
   </div>
   <div class='ocr_carea' id='block_1_3' title="bbox 302 2233 1255 3836">
    <p class='ocr_par' dir='ltr' id='par_1_4' title="bbox 302 2233 1255 3836">
     <span class='ocr_line' id='line_1_12' title="bbox 309 2233 1245 2314; baseline -0.006 -14"><span class='ocrx_word' id='word_1_56' title='bbox 309 2244 380 2300; x_wconf 81' lang='grc'>9573</span> <span class='ocrx_word' id='word_1_57' title='bbox 403 2243 437 2298; x_wconf 91' lang='lat' dir='ltr'>de</span> <span class='ocrx_word' id='word_1_58' title='bbox 458 2242 663 2312; x_wconf 79' lang='lat' dir='ltr'>Byzantinorurn</span> <span class='ocrx_word' id='word_1_59' title='bbox 686 2239 868 2314; x_wconf 85' lang='lat' dir='ltr'>episcoporum</span> <span class='ocrx_word' id='word_1_60' title='bbox 892 2249 953 2295; x_wconf 88' lang='lat' dir='ltr'>ants</span> <span class='ocrx_word' id='word_1_61' title='bbox 973 2233 1142 2296; x_wconf 65' lang='lat' dir='ltr'>contantini</span> <span class='ocrx_word' id='word_1_62' title='bbox 1158 2239 1245 2310; x_wconf 77' lang='lat' dir='ltr'>magri</span> 
     </span>
     <span class='ocr_line' id='line_1_13' title="bbox 310 2310 1246 2384; baseline -0.005 -16"><span class='ocrx_word' id='word_1_63' title='bbox 310 2320 421 2368; x_wconf 61' lang='lat' dir='ltr'>sentem</span> <span class='ocrx_word' id='word_1_64' title='bbox 438 2312 507 2366; x_wconf 86' lang='lat' dir='ltr'>lalss</span> <span class='ocrx_word' id='word_1_65' title='bbox 523 2312 603 2380; x_wconf 86' lang='lat' dir='ltr'>sarie,</span> <span class='ocrx_word' id='word_1_66' title='bbox 623 2329 640 2364; x_wconf 88' lang='lat' dir='ltr'>a</span> <span class='ocrx_word' id='word_1_67' title='bbox 657 2312 757 2384; x_wconf 81' lang='lat' dir='ltr'>Steohy</span> <span class='ocrx_word' id='word_1_68' title='bbox 772 2327 856 2382; x_wconf 89' lang='lat' dir='ltr'>nsque</span> <span class='ocrx_word' id='word_1_69' title='bbox 871 2313 906 2366; x_wconf 89' lang='lat' dir='ltr'>sd</span> <span class='ocrx_word' id='word_1_70' title='bbox 922 2311 1046 2378; x_wconf 80' lang='lat' dir='ltr'>Probum,</span> <span class='ocrx_word' id='word_1_71' title='bbox 1063 2310 1129 2363; x_wconf 89' lang='lat' dir='ltr'>satis</span> <span class='ocrx_word' id='word_1_72' title='bbox 1140 2319 1246 2379; x_wconf 86' lang='lat' dir='ltr'>praeter</span> 
     </span>
     <span class='ocr_line' id='line_1_14' title="bbox 311 2379 1245 2450; baseline -0.005 -13"><span class='ocrx_word' id='word_1_73' title='bbox 311 2384 379 2437; x_wconf 88' lang='lat' dir='ltr'>alios</span> <span class='ocrx_word' id='word_1_74' title='bbox 403 2382 528 2436; x_wconf 74' lang='lat' dir='ltr'><strong>disseruit</strong></span> <span class='ocrx_word' id='word_1_75' title='bbox 550 2379 695 2450; x_wconf 85' lang='lat' dir='ltr'>Loquinius</span> <span class='ocrx_word' id='word_1_76' title='bbox 711 2381 739 2434; x_wconf 92' lang='lat' dir='ltr'>in</span> <span class='ocrx_word' id='word_1_77' title='bbox 757 2381 876 2436; x_wconf 84' lang='lat' dir='ltr'>Orientis</span> <span class='ocrx_word' id='word_1_78' title='bbox 894 2379 1039 2437; x_wconf 73' lang='lat' dir='ltr'>Christiani</span> <span class='ocrx_word' id='word_1_79' title='bbox 1061 2389 1131 2432; x_wconf 88' lang='lat' dir='ltr'>temo</span> <span class='ocrx_word' id='word_1_80' title='bbox 1149 2379 1245 2450; x_wconf 88' lang='lat' dir='ltr'>primo.</span> 
     </span>
     <span class='ocr_line' id='line_1_15' title="bbox 309 2449 1246 2520; baseline -0.004 -14"><span class='ocrx_word' id='word_1_81' title='bbox 309 2453 364 2506; x_wconf 83' lang='lat' dir='ltr'>hoc</span> <span class='ocrx_word' id='word_1_82' title='bbox 377 2459 450 2506; x_wconf 87' lang='lat' dir='ltr'>certe</span> <span class='ocrx_word' id='word_1_83' title='bbox 463 2451 610 2505; x_wconf 86' lang='lat' dir='ltr'>rectissime</span> <span class='ocrx_word' id='word_1_84' title='bbox 626 2449 737 2518; x_wconf 86' lang='lat' dir='ltr'>dicitur,</span> <span class='ocrx_word' id='word_1_85' title='bbox 757 2451 919 2520; x_wconf 89' lang='lat' dir='ltr'>suppositum</span> <span class='ocrx_word' id='word_1_86' title='bbox 935 2449 1007 2502; x_wconf 89' lang='lat' dir='ltr'>illum</span> <span class='ocrx_word' id='word_1_87' title='bbox 1024 2449 1159 2501; x_wconf 88' lang='lat' dir='ltr'>Dorothso</span> <span class='ocrx_word' id='word_1_88' title='bbox 1176 2456 1246 2502; x_wconf 88' lang='lat' dir='ltr'>tuar-</span> 
     </span>
     <span class='ocr_line' id='line_1_16' title="bbox 309 2517 1255 2591; baseline -0.005 -16"><span class='ocrx_word' id='word_1_89' title='bbox 309 2521 364 2589; x_wconf 83' lang='lat' dir='ltr'>tyri</span> <span class='ocrx_word' id='word_1_90' title='bbox 381 2520 512 2588; x_wconf 88' lang='lat' dir='ltr'>libellum,</span> <span class='ocrx_word' id='word_1_91' title='bbox 537 2519 564 2573; x_wconf 91' lang='lat' dir='ltr'>in</span> <span class='ocrx_word' id='word_1_92' title='bbox 582 2537 634 2589; x_wconf 89' lang='lat' dir='ltr'>qno</span> <span class='ocrx_word' id='word_1_93' title='bbox 652 2521 786 2590; x_wconf 84' lang='lat' dir='ltr'>praedicta</span> <span class='ocrx_word' id='word_1_94' title='bbox 803 2520 888 2573; x_wconf 88' lang='lat' dir='ltr'>series</span> <span class='ocrx_word' id='word_1_95' title='bbox 905 2519 1074 2591; x_wconf 86' lang='lat' dir='ltr'>proponitur,</span> <span class='ocrx_word' id='word_1_96' title='bbox 1098 2517 1167 2571; x_wconf 83' lang='lat' dir='ltr'>hand</span> <span class='ocrx_word' id='word_1_97' title='bbox 1185 2525 1255 2579; x_wconf 30' lang='lat' dir='ltr'>aute·</span> 
     </span>
     <span class='ocr_line' id='line_1_17' title="bbox 307 2586 1245 2659; baseline -0.002 -15"><span class='ocrx_word' id='word_1_98' title='bbox 307 2590 437 2651; x_wconf 71' lang='lat' dir='ltr'>Plautiano</span> <span class='ocrx_word' id='word_1_99' title='bbox 453 2597 572 2658; x_wconf 86' lang='lat' dir='ltr'>tempora</span> <span class='ocrx_word' id='word_1_100' title='bbox 589 2589 672 2642; x_wconf 79' lang='lat' dir='ltr'>fnisse</span> <span class='ocrx_word' id='word_1_101' title='bbox 688 2587 841 2656; x_wconf 82' lang='lat' dir='ltr'>chaliatnm,</span> <span class='ocrx_word' id='word_1_102' title='bbox 859 2587 1067 2659; x_wconf 83' lang='lat' dir='ltr'>qnandoquidem</span> <span class='ocrx_word' id='word_1_103' title='bbox 1085 2595 1112 2640; x_wconf 86' lang='lat' dir='ltr'>st</span> <span class='ocrx_word' id='word_1_104' title='bbox 1127 2586 1172 2639; x_wconf 90' lang='lat' dir='ltr'>ille</span> <span class='ocrx_word' id='word_1_105' title='bbox 1188 2589 1245 2654; x_wconf 82' lang='lat' dir='ltr'>By-</span> 
     </span>
     <span class='ocr_line' id='line_1_18' title="bbox 308 2654 1245 2728; baseline -0.005 -14"><span class='ocrx_word' id='word_1_106' title='bbox 308 2659 471 2714; x_wconf 79' lang='lat' dir='ltr'>zantinorum</span> <span class='ocrx_word' id='word_1_107' title='bbox 496 2659 679 2728; x_wconf 88' lang='lat' dir='ltr'>episcoporum</span> <span class='ocrx_word' id='word_1_108' title='bbox 704 2657 855 2727; x_wconf 87' lang='lat' dir='ltr'>catalogus,</span> <span class='ocrx_word' id='word_1_109' title='bbox 882 2657 928 2728; x_wconf 88' lang='lat' dir='ltr'>qui</span> <span class='ocrx_word' id='word_1_110' title='bbox 946 2673 961 2710; x_wconf 86' lang='lat' dir='ltr'>a</span> <span class='ocrx_word' id='word_1_111' title='bbox 979 2656 1064 2710; x_wconf 90' lang='lat' dir='ltr'>mein</span> <span class='ocrx_word' id='word_1_112' title='bbox 1081 2654 1245 2710; x_wconf 80' lang='lat' dir='ltr'>collectionis</span> 
     </span>
     <span class='ocr_line' id='line_1_19' title="bbox 307 2725 1245 2796; baseline -0.003 -14"><span class='ocrx_word' id='word_1_113' title='bbox 307 2728 454 2782; x_wconf 77' lang='lat' dir='ltr'>vaticanae</span> <span class='ocrx_word' id='word_1_114' title='bbox 471 2728 602 2784; x_wconf 83' lang='lat' dir='ltr'>volumine</span> <span class='ocrx_word' id='word_1_115' title='bbox 619 2727 710 2796; x_wconf 51' lang='lat' dir='ltr'>primo¹</span> <span class='ocrx_word' id='word_1_116' title='bbox 720 2727 846 2780; x_wconf 88' lang='lat' dir='ltr'>recitatus</span> <span class='ocrx_word' id='word_1_117' title='bbox 863 2736 917 2794; x_wconf 90' lang='lat' dir='ltr'>est,</span> <span class='ocrx_word' id='word_1_118' title='bbox 932 2727 1027 2779; x_wconf 88' lang='lat' dir='ltr'>seriem</span> <span class='ocrx_word' id='word_1_119' title='bbox 1043 2725 1113 2778; x_wconf 88' lang='lat' dir='ltr'>illam</span> <span class='ocrx_word' id='word_1_120' title='bbox 1131 2725 1245 2794; x_wconf 78' lang='lat' dir='ltr'>ignorat,</span> 
     </span>
     <span class='ocr_line' id='line_1_20' title="bbox 308 2793 1246 2868; baseline -0.002 -18"><span class='ocrx_word' id='word_1_121' title='bbox 308 2798 370 2868; x_wconf 86' lang='lat' dir='ltr'>quia</span> <span class='ocrx_word' id='word_1_122' title='bbox 395 2796 521 2850; x_wconf 82' lang='lat' dir='ltr'>videlicet</span> <span class='ocrx_word' id='word_1_123' title='bbox 542 2797 566 2850; x_wconf 89' lang='lat' dir='ltr'>is</span> <span class='ocrx_word' id='word_1_124' title='bbox 588 2793 722 2864; x_wconf 86' lang='lat' dir='ltr'>catalogus</span> <span class='ocrx_word' id='word_1_125' title='bbox 743 2805 876 2850; x_wconf 81' lang='lat' dir='ltr'>auctorem</span> <span class='ocrx_word' id='word_1_126' title='bbox 894 2794 1023 2848; x_wconf 89' lang='lat' dir='ltr'>Photiano</span> <span class='ocrx_word' id='word_1_127' title='bbox 1045 2795 1184 2862; x_wconf 78' lang='lat' dir='ltr'>schismate</span> <span class='ocrx_word' id='word_1_128' title='bbox 1201 2813 1246 2848; x_wconf 88' lang='lat' dir='ltr'>se-</span> 
     </span>
     <span class='ocr_line' id='line_1_21' title="bbox 308 2863 1243 2940; baseline -0.003 -20"><span class='ocrx_word' id='word_1_129' title='bbox 308 2868 408 2920; x_wconf 87' lang='lat' dir='ltr'>niorem</span> <span class='ocrx_word' id='word_1_130' title='bbox 423 2867 522 2921; x_wconf 77' lang='lat' dir='ltr'>habete</span> <span class='ocrx_word' id='word_1_131' title='bbox 535 2865 634 2920; x_wconf 75' lang='lat' dir='ltr'>desinit</span> <span class='ocrx_word' id='word_1_132' title='bbox 649 2865 716 2918; x_wconf 86' lang='lat' dir='ltr'>enim</span> <span class='ocrx_word' id='word_1_133' title='bbox 733 2865 761 2940; x_wconf 77' lang='lat' dir='ltr'>in</span> <span class='ocrx_word' id='word_1_134' title='bbox 778 2865 914 2919; x_wconf 86' lang='lat' dir='ltr'>Methodio</span> <span class='ocrx_word' id='word_1_135' title='bbox 932 2865 961 2932; x_wconf 90' lang='lat'>1,</span> <span class='ocrx_word' id='word_1_136' title='bbox 977 2863 1023 2934; x_wconf 92' lang='lat' dir='ltr'>qui</span> <span class='ocrx_word' id='word_1_137' title='bbox 1041 2874 1156 2918; x_wconf 85' lang='lat' dir='ltr'>sanctum</span> <span class='ocrx_word' id='word_1_138' title='bbox 1173 2863 1243 2917; x_wconf 84' lang='lat' dir='ltr'>illurn</span> 
     </span>
     <span class='ocr_line' id='line_1_22' title="bbox 307 2933 1245 3006; baseline -0.001 -18"><span class='ocrx_word' id='word_1_139' title='bbox 307 2937 435 3004; x_wconf 83' lang='lat' dir='ltr'>ignatium</span> <span class='ocrx_word' id='word_1_140' title='bbox 453 2935 608 3006; x_wconf 84' lang='lat' dir='ltr'>praecessit,</span> <span class='ocrx_word' id='word_1_141' title='bbox 625 2941 717 2988; x_wconf 87' lang='lat' dir='ltr'>contra</span> <span class='ocrx_word' id='word_1_142' title='bbox 733 2951 809 3003; x_wconf 83' lang='lat' dir='ltr'>quem</span> <span class='ocrx_word' id='word_1_143' title='bbox 825 2935 936 2988; x_wconf 90' lang='lat' dir='ltr'>Photius</span> <span class='ocrx_word' id='word_1_144' title='bbox 953 2943 1081 3002; x_wconf 82' lang='lat' dir='ltr'>tyrannus</span> <span class='ocrx_word' id='word_1_145' title='bbox 1099 2933 1245 2987; x_wconf 79' lang='lat' dir='ltr'>debaccha-</span> 
     </span>
     <span class='ocr_line' id='line_1_23' title="bbox 308 3003 1245 3074; baseline -0.009 -16"><span class='ocrx_word' id='word_1_146' title='bbox 308 3013 350 3058; x_wconf 92' lang='lat' dir='ltr'>tus</span> <span class='ocrx_word' id='word_1_147' title='bbox 368 3014 418 3059; x_wconf 86' lang='lat' dir='ltr'>est.</span> <span class='ocrx_word' id='word_1_148' title='bbox 453 3004 639 3074; x_wconf 84' lang='lat' dir='ltr'>Ephraemium</span> <span class='ocrx_word' id='word_1_149' title='bbox 663 3006 810 3074; x_wconf 87' lang='lat' dir='ltr'>praesentis</span> <span class='ocrx_word' id='word_1_150' title='bbox 836 3003 949 3072; x_wconf 85' lang='lat' dir='ltr'>catalogi</span> <span class='ocrx_word' id='word_1_151' title='bbox 970 3012 1101 3056; x_wconf 80' lang='lat' dir='ltr'>auctorem</span> <span class='ocrx_word' id='word_1_152' title='bbox 1119 3003 1245 3056; x_wconf 81' lang='lat' dir='ltr'>schisma.</span> 
     </span>
     <span class='ocr_line' id='line_1_24' title="bbox 307 3071 1241 3141; baseline -0.002 -16"><span class='ocrx_word' id='word_1_153' title='bbox 307 3074 361 3125; x_wconf 91' lang='lat' dir='ltr'>tico</span> <span class='ocrx_word' id='word_1_154' title='bbox 377 3075 460 3126; x_wconf 84' lang='lat' dir='ltr'>fuisse</span> <span class='ocrx_word' id='word_1_155' title='bbox 478 3075 578 3141; x_wconf 90' lang='lat' dir='ltr'>animo,</span> <span class='ocrx_word' id='word_1_156' title='bbox 604 3073 670 3126; x_wconf 87' lang='lat' dir='ltr'>satis</span> <span class='ocrx_word' id='word_1_157' title='bbox 687 3073 866 3141; x_wconf 81' lang='lat' dir='ltr'>cognoscimus</span> <span class='ocrx_word' id='word_1_158' title='bbox 885 3091 918 3126; x_wconf 80' lang='lat' dir='ltr'>ex</span> <span class='ocrx_word' id='word_1_159' title='bbox 934 3071 1075 3125; x_wconf 72' lang='lat' dir='ltr'>alexii&#39;lss</span> <span class='ocrx_word' id='word_1_160' title='bbox 1091 3073 1241 3124; x_wconf 78' lang='lat' dir='ltr'>Theodori·</span> 
     </span>
     <span class='ocr_line' id='line_1_25' title="bbox 307 3141 1245 3212; baseline 0 -20"><span class='ocrx_word' id='word_1_161' title='bbox 307 3157 359 3210; x_wconf 80' lang='lat' dir='ltr'>quc</span> <span class='ocrx_word' id='word_1_162' title='bbox 371 3143 385 3194; x_wconf 89' lang='lat'><strong>1</strong></span> <span class='ocrx_word' id='word_1_163' title='bbox 397 3143 471 3196; x_wconf 78' lang='lat' dir='ltr'>ritis.</span> <span class='ocrx_word' id='word_1_164' title='bbox 496 3143 520 3195; x_wconf 93' lang='lat' dir='ltr'>is</span> <span class='ocrx_word' id='word_1_165' title='bbox 534 3143 625 3211; x_wconf 86' lang='lat' dir='ltr'>igitur,</span> <span class='ocrx_word' id='word_1_166' title='bbox 639 3150 669 3196; x_wconf 85' lang='lat' dir='ltr'>ut</span> <span class='ocrx_word' id='word_1_167' title='bbox 680 3142 724 3194; x_wconf 85' lang='lat' dir='ltr'>alii</span> <span class='ocrx_word' id='word_1_168' title='bbox 737 3143 809 3212; x_wconf 86' lang='lat' dir='ltr'>paris</span> <span class='ocrx_word' id='word_1_169' title='bbox 820 3142 948 3212; x_wconf 84' lang='lat' dir='ltr'>dogmatis</span> <span class='ocrx_word' id='word_1_170' title='bbox 960 3141 1128 3212; x_wconf 80' lang='lat' dir='ltr'>partiumque</span> <span class='ocrx_word' id='word_1_171' title='bbox 1137 3141 1245 3208; x_wconf 86' lang='lat' dir='ltr'>Graeci,</span> 
     </span>
     <span class='ocr_line' id='line_1_26' title="bbox 308 3209 1244 3330; baseline -0.001 -67"><span class='ocrx_word' id='word_1_172' title='bbox 308 3209 402 3264; x_wconf 81' lang='lat' dir='ltr'>scriem</span> <span class='ocrx_word' id='word_1_173' title='bbox 420 3211 595 3330; x_wconf 85' lang='lat' dir='ltr'>praedictam,</span> <span class='ocrx_word' id='word_1_174' title='bbox 616 3211 702 3265; x_wconf 76' lang='lat' dir='ltr'>invita</span> <span class='ocrx_word' id='word_1_175' title='bbox 718 3211 782 3265; x_wconf 87' lang='lat' dir='ltr'>licet</span> <span class='ocrx_word' id='word_1_176' title='bbox 798 3211 927 3279; x_wconf 86' lang='lat' dir='ltr'>veritate,</span> <span class='ocrx_word' id='word_1_177' title='bbox 946 3229 998 3263; x_wconf 86' lang='lat' dir='ltr'>nen</span> <span class='ocrx_word' id='word_1_178' title='bbox 1016 3219 1057 3264; x_wconf 86' lang='lat' dir='ltr'>cst</span> <span class='ocrx_word' id='word_1_179' title='bbox 1073 3220 1244 3279; x_wconf 79' lang='lat' dir='ltr'>aspernatus3</span> 
     </span>
     <span class='ocr_line' id='line_1_27' title="bbox 307 3278 1244 3351; baseline 0 -19"><span class='ocrx_word' id='word_1_180' title='bbox 307 3296 376 3350; x_wconf 84' lang='lat' dir='ltr'>quaa</span> <span class='ocrx_word' id='word_1_181' title='bbox 391 3297 425 3333; x_wconf 81' lang='lat' dir='ltr'>re</span> <span class='ocrx_word' id='word_1_182' title='bbox 452 3280 555 3349; x_wconf 85' lang='lat' dir='ltr'>patriae</span> <span class='ocrx_word' id='word_1_183' title='bbox 571 3281 687 3351; x_wconf 89' lang='lat' dir='ltr'>gloriae,</span> <span class='ocrx_word' id='word_1_184' title='bbox 714 3291 744 3334; x_wconf 89' lang='lat' dir='ltr'>ut</span> <span class='ocrx_word' id='word_1_185' title='bbox 759 3281 807 3350; x_wconf 83' lang='lat' dir='ltr'>fit,</span> <span class='ocrx_word' id='word_1_186' title='bbox 833 3279 913 3333; x_wconf 88' lang='lat' dir='ltr'>nimio</span> <span class='ocrx_word' id='word_1_187' title='bbox 931 3294 1035 3347; x_wconf 86' lang='lat' dir='ltr'>amore,</span> <span class='ocrx_word' id='word_1_188' title='bbox 1060 3279 1156 3333; x_wconf 83' lang='lat' dir='ltr'>veleb</span> <span class='ocrx_word' id='word_1_189' title='bbox 1174 3278 1244 3332; x_wconf 80' lang='lat' dir='ltr'>salso</span> 
     </span>
     <span class='ocr_line' id='line_1_28' title="bbox 306 3346 1244 3420; baseline 0 -20"><span class='ocrx_word' id='word_1_190' title='bbox 306 3349 514 3418; x_wconf 78' lang='lat' dir='ltr'>exaggerandam</span> <span class='ocrx_word' id='word_1_191' title='bbox 528 3351 668 3418; x_wconf 78' lang='lat' dir='ltr'>Byzantini</span> <span class='ocrx_word' id='word_1_192' title='bbox 684 3349 853 3420; x_wconf 83' lang='lat' dir='ltr'>episcopatus</span> <span class='ocrx_word' id='word_1_193' title='bbox 868 3346 1065 3418; x_wconf 84' lang='lat' dir='ltr'>antiquitatem,</span> <span class='ocrx_word' id='word_1_194' title='bbox 1082 3355 1174 3401; x_wconf 91' lang='lat' dir='ltr'>contra</span> <span class='ocrx_word' id='word_1_195' title='bbox 1187 3349 1244 3402; x_wconf 90' lang='lat' dir='ltr'>Ro-</span> 
     </span>
     <span class='ocr_line' id='line_1_29' title="bbox 305 3417 1244 3489; baseline 0.001 -20"><span class='ocrx_word' id='word_1_196' title='bbox 305 3434 396 3470; x_wconf 88' lang='lat' dir='ltr'>manae</span> <span class='ocrx_word' id='word_1_197' title='bbox 413 3419 541 3472; x_wconf 87' lang='lat' dir='ltr'>ecclesiae</span> <span class='ocrx_word' id='word_1_198' title='bbox 558 3421 774 3489; x_wconf 85' lang='lat' dir='ltr'>praerogativas,</span> <span class='ocrx_word' id='word_1_199' title='bbox 804 3419 916 3472; x_wconf 85' lang='lat' dir='ltr'>conficta</span> <span class='ocrx_word' id='word_1_200' title='bbox 932 3417 993 3471; x_wconf 84' lang='lat' dir='ltr'>luit.</span> <span class='ocrx_word' id='word_1_201' title='bbox 1030 3426 1072 3470; x_wconf 88' lang='lat' dir='ltr'>est</span> <span class='ocrx_word' id='word_1_202' title='bbox 1088 3417 1169 3486; x_wconf 86' lang='lat' dir='ltr'>igitur</span> <span class='ocrx_word' id='word_1_203' title='bbox 1187 3417 1244 3488; x_wconf 76' lang='lat' dir='ltr'>pri-</span> 
     </span>
     <span class='ocr_line' id='line_1_30' title="bbox 304 3485 1243 3572; baseline 0 -34"><span class='ocrx_word' id='word_1_204' title='bbox 304 3503 360 3539; x_wconf 86' lang='lat' dir='ltr'>mus</span> <span class='ocrx_word' id='word_1_205' title='bbox 386 3487 518 3554; x_wconf 79' lang='lat' dir='ltr'>Byzantii·</span> <span class='ocrx_word' id='word_1_206' title='bbox 534 3489 656 3544; x_wconf 88' lang='lat' dir='ltr'>indubius</span> <span class='ocrx_word' id='word_1_207' title='bbox 679 3489 818 3572; x_wconf 89' lang='lat' dir='ltr'>episcopus</span> <span class='ocrx_word' id='word_1_208' title='bbox 834 3487 880 3541; x_wconf 89' lang='lat' dir='ltr'>ille</span> <span class='ocrx_word' id='word_1_209' title='bbox 898 3485 1085 3556; x_wconf 86' lang='lat' dir='ltr'>Metrophanes</span> <span class='ocrx_word' id='word_1_210' title='bbox 1103 3487 1152 3539; x_wconf 92' lang='lat' dir='ltr'>sub</span> <span class='ocrx_word' id='word_1_211' title='bbox 1169 3487 1243 3539; x_wconf 85' lang='lat' dir='ltr'>con-</span> 
     </span>
     <span class='ocr_line' id='line_1_31' title="bbox 303 3554 1245 3626; baseline 0 -18"><span class='ocrx_word' id='word_1_212' title='bbox 303 3555 419 3608; x_wconf 89' lang='lat' dir='ltr'>stantino</span> <span class='ocrx_word' id='word_1_213' title='bbox 443 3574 552 3626; x_wconf 83' lang='lat' dir='ltr'>magno,</span> <span class='ocrx_word' id='word_1_214' title='bbox 579 3558 622 3610; x_wconf 88' lang='lat' dir='ltr'>vel</span> <span class='ocrx_word' id='word_1_215' title='bbox 644 3567 732 3626; x_wconf 86' lang='lat' dir='ltr'>potrus</span> <span class='ocrx_word' id='word_1_216' title='bbox 749 3559 798 3610; x_wconf 89' lang='lat' dir='ltr'>snb</span> <span class='ocrx_word' id='word_1_217' title='bbox 816 3557 917 3610; x_wconf 84' lang='lat' dir='ltr'>Severo</span> <span class='ocrx_word' id='word_1_218' title='bbox 934 3556 1094 3626; x_wconf 89' lang='lat' dir='ltr'>imperatore</span> <span class='ocrx_word' id='word_1_219' title='bbox 1110 3554 1245 3608; x_wconf 85' lang='lat' dir='ltr'>Philadel-</span> 
     </span>
     <span class='ocr_line' id='line_1_32' title="bbox 305 3623 1244 3695; baseline -0.001 -18"><span class='ocrx_word' id='word_1_220' title='bbox 305 3623 389 3693; x_wconf 91' lang='lat' dir='ltr'>phus,</span> <span class='ocrx_word' id='word_1_221' title='bbox 411 3629 551 3678; x_wconf 88' lang='lat' dir='ltr'>secundum</span> <span class='ocrx_word' id='word_1_222' title='bbox 568 3626 714 3680; x_wconf 84' lang='lat' dir='ltr'>Simeonem</span> <span class='ocrx_word' id='word_1_223' title='bbox 727 3626 947 3695; x_wconf 88' lang='lat' dir='ltr'>Metaphrastem:</span> <span class='ocrx_word' id='word_1_224' title='bbox 969 3625 1139 3694; x_wconf 87' lang='lat' dir='ltr'>nequeenim</span> <span class='ocrx_word' id='word_1_225' title='bbox 1156 3624 1244 3678; x_wconf 88' lang='lat' dir='ltr'>credi-</span> 
     </span>
     <span class='ocr_line' id='line_1_33' title="bbox 304 3693 1245 3763; baseline 0.001 -17"><span class='ocrx_word' id='word_1_226' title='bbox 304 3693 358 3746; x_wconf 86' lang='lat' dir='ltr'>bile</span> <span class='ocrx_word' id='word_1_227' title='bbox 382 3695 489 3749; x_wconf 83' lang='lat' dir='ltr'>videtnr</span> <span class='ocrx_word' id='word_1_228' title='bbox 509 3696 665 3763; x_wconf 87' lang='lat' dir='ltr'>Byzantium</span> <span class='ocrx_word' id='word_1_229' title='bbox 690 3696 760 3748; x_wconf 88' lang='lat' dir='ltr'>haud</span> <span class='ocrx_word' id='word_1_230' title='bbox 784 3693 926 3763; x_wconf 84' lang='lat' dir='ltr'>ignobilem</span> <span class='ocrx_word' id='word_1_231' title='bbox 944 3697 1034 3748; x_wconf 87' lang='lat' dir='ltr'>urbem</span> <span class='ocrx_word' id='word_1_232' title='bbox 1051 3693 1168 3747; x_wconf 87' lang='lat' dir='ltr'>caruisse</span> <span class='ocrx_word' id='word_1_233' title='bbox 1185 3694 1245 3762; x_wconf 88' lang='lat' dir='ltr'>epl-</span> 
     </span>
     <span class='ocr_line' id='line_1_34' title="bbox 302 3762 1244 3836; baseline -0.001 -19"><span class='ocrx_word' id='word_1_234' title='bbox 302 3779 384 3836; x_wconf 88' lang='lat' dir='ltr'>scopo</span> <span class='ocrx_word' id='word_1_235' title='bbox 398 3782 481 3834; x_wconf 88' lang='lat' dir='ltr'>usqne</span> <span class='ocrx_word' id='word_1_236' title='bbox 496 3766 529 3817; x_wconf 88' lang='lat' dir='ltr'>ad</span> <span class='ocrx_word' id='word_1_237' title='bbox 544 3782 629 3819; x_wconf 85' lang='lat' dir='ltr'>novae</span> <span class='ocrx_word' id='word_1_238' title='bbox 643 3765 715 3820; x_wconf 87' lang='lat' dir='ltr'>urbis</span> <span class='ocrx_word' id='word_1_239' title='bbox 730 3765 895 3818; x_wconf 81' lang='lat' dir='ltr'>fundatorem</span> <span class='ocrx_word' id='word_1_240' title='bbox 911 3763 954 3817; x_wconf 85' lang='lat' dir='ltr'>rel</span> <span class='ocrx_word' id='word_1_241' title='bbox 967 3763 1056 3834; x_wconf 90' lang='lat' dir='ltr'>potius</span> <span class='ocrx_word' id='word_1_242' title='bbox 1073 3762 1174 3817; x_wconf 85' lang='lat' dir='ltr'>veteris</span> <span class='ocrx_word' id='word_1_243' title='bbox 1189 3780 1244 3816; x_wconf 78' lang='lat' dir='ltr'>am-</span> 
     </span>
    </p>
   </div>
   <div class='ocr_carea' id='block_1_4' title="bbox 192 3913 1192 3990">
    <p class='ocr_par' dir='ltr' id='par_1_5' title="bbox 192 3913 1192 3990">
     <span class='ocr_line' id='line_1_35' title="bbox 192 3913 1192 3990; baseline 0.007 -24"><span class='ocrx_word' id='word_1_244' title='bbox 192 3913 416 3972; x_wconf 78' lang='lat' dir='ltr'>Pctriarcleurunt</span> <span class='ocrx_word' id='word_1_245' title='bbox 434 3919 523 3990; x_wconf 80' lang='lat' dir='ltr'>accipe</span> <span class='ocrx_word' id='word_1_246' title='bbox 541 3935 616 3972; x_wconf 82' lang='lat' dir='ltr'>nunc</span> <span class='ocrx_word' id='word_1_247' title='bbox 633 3920 791 3988; x_wconf 77' lang='lat' dir='ltr'>catalogum</span> <span class='ocrx_word' id='word_1_248' title='bbox 807 3921 929 3972; x_wconf 78' lang='lat' dir='ltr'>ascellae</span> <span class='ocrx_word' id='word_1_249' title='bbox 947 3919 1049 3972; x_wconf 80' lang='lat' dir='ltr'>Romae</span> <span class='ocrx_word' id='word_1_250' title='bbox 1071 3919 1192 3988; x_wconf 84' lang='lat' dir='ltr'>Cpnleos.</span> 
     </span>
    </p>
   </div>
   <div class='ocr_carea' id='block_1_5' title="bbox 136 4019 1246 4371">
    <p class='ocr_par' dir='ltr' id='par_1_6' title="bbox 136 4019 1246 4371">
     <span class='ocr_line' id='line_1_36' title="bbox 207 4019 1243 4094; baseline 0.002 -23"><span class='ocrx_word' id='word_1_251' title='bbox 207 4019 303 4089; x_wconf 83' lang='lat'>(9565)</span> <span class='ocrx_word' id='word_1_252' title='bbox 320 4021 501 4094; x_wconf 59' lang='lat' dir='ltr'>apostoloram</span> <span class='ocrx_word' id='word_1_253' title='bbox 519 4021 638 4074; x_wconf 83' lang='lat' dir='ltr'>Andreas</span> <span class='ocrx_word' id='word_1_254' title='bbox 654 4021 816 4092; x_wconf 88' lang='lat' dir='ltr'>protocletus</span> <span class='ocrx_word' id='word_1_255' title='bbox 834 4037 891 4074; x_wconf 84' lang='lat' dir='ltr'>cnm</span> <span class='ocrx_word' id='word_1_256' title='bbox 906 4021 1042 4090; x_wconf 86' lang='lat' dir='ltr'>religionis</span> <span class='ocrx_word' id='word_1_257' title='bbox 1058 4039 1139 4074; x_wconf 83' lang='lat' dir='ltr'>verae</span> <span class='ocrx_word' id='word_1_258' title='bbox 1155 4037 1243 4074; x_wconf 83' lang='lat' dir='ltr'>seman</span> 
     </span>
     <span class='ocr_line' id='line_1_37' title="bbox 136 4090 1245 4162; baseline 0.005 -23"><span class='ocrx_word' id='word_1_259' title='bbox 136 4098 277 4156; x_wconf 88' lang='lat' dir='ltr'>spargeret</span> <span class='ocrx_word' id='word_1_260' title='bbox 300 4107 349 4160; x_wconf 88' lang='lat' dir='ltr'>per</span> <span class='ocrx_word' id='word_1_261' title='bbox 371 4091 450 4145; x_wconf 85' lang='lat' dir='ltr'>Ponti</span> <span class='ocrx_word' id='word_1_262' title='bbox 471 4093 595 4160; x_wconf 88' lang='lat' dir='ltr'>regiones</span> <span class='ocrx_word' id='word_1_263' title='bbox 619 4109 650 4144; x_wconf 88' lang='lat' dir='ltr'>ac</span> <span class='ocrx_word' id='word_1_264' title='bbox 674 4091 831 4159; x_wconf 86' lang='lat' dir='ltr'>Bithyniae,</span> <span class='ocrx_word' id='word_1_265' title='bbox 856 4090 925 4144; x_wconf 89' lang='lat' dir='ltr'>ultra</span> <span class='ocrx_word' id='word_1_266' title='bbox 946 4107 1102 4162; x_wconf 85' lang='lat' dir='ltr'>progressus</span> <span class='ocrx_word' id='word_1_267' title='bbox 1121 4091 1245 4160; x_wconf 82' lang='lat' dir='ltr'>pervenit</span> 
     </span>
     <span class='ocr_line' id='line_1_38' title="bbox 137 4155 1246 4228; baseline 0.005 -22"><span class='ocrx_word' id='word_1_268' title='bbox 137 4155 307 4224; x_wconf 69' lang='lat' dir='ltr'>Byzantium,</span> <span class='ocrx_word' id='word_1_269' title='bbox 325 4176 401 4228; x_wconf 89' lang='lat' dir='ltr'>qnam</span> <span class='ocrx_word' id='word_1_270' title='bbox 419 4177 474 4214; x_wconf 90' lang='lat' dir='ltr'>cum</span> <span class='ocrx_word' id='word_1_271' title='bbox 493 4161 585 4214; x_wconf 85' lang='lat' dir='ltr'>divino</span> <span class='ocrx_word' id='word_1_272' title='bbox 603 4162 686 4214; x_wconf 87' lang='lat' dir='ltr'>verbo</span> <span class='ocrx_word' id='word_1_273' title='bbox 702 4161 861 4216; x_wconf 81' lang='lat' dir='ltr'>illustrasset</span> <span class='ocrx_word' id='word_1_274' title='bbox 878 4162 967 4214; x_wconf 87' lang='lat' dir='ltr'>urbem</span> <span class='ocrx_word' id='word_1_275' title='bbox 984 4161 1080 4228; x_wconf 66' lang='lat'><strong>(9570)</strong></span> <span class='ocrx_word' id='word_1_276' title='bbox 1097 4170 1125 4214; x_wconf 89' lang='lat' dir='ltr'>et</span> <span class='ocrx_word' id='word_1_277' title='bbox 1142 4161 1246 4213; x_wconf 79' lang='lat' dir='ltr'>costis-</span> 
     </span>
     <span class='ocr_line' id='line_1_39' title="bbox 138 4226 1245 4298; baseline 0.005 -21"><span class='ocrx_word' id='word_1_278' title='bbox 138 4226 222 4279; x_wconf 82' lang='lat' dir='ltr'>risset</span> <span class='ocrx_word' id='word_1_279' title='bbox 246 4227 352 4281; x_wconf 86' lang='lat' dir='ltr'>Christo</span> <span class='ocrx_word' id='word_1_280' title='bbox 375 4230 536 4284; x_wconf 87' lang='lat' dir='ltr'>credentium</span> <span class='ocrx_word' id='word_1_281' title='bbox 562 4239 679 4296; x_wconf 82' lang='lat' dir='ltr'>coctum,</span> <span class='ocrx_word' id='word_1_282' title='bbox 712 4233 801 4284; x_wconf 86' lang='lat' dir='ltr'>aedem</span> <span class='ocrx_word' id='word_1_283' title='bbox 828 4231 920 4282; x_wconf 86' lang='lat' dir='ltr'>orandi</span> <span class='ocrx_word' id='word_1_284' title='bbox 945 4246 1024 4283; x_wconf 89' lang='lat' dir='ltr'>cansa</span> <span class='ocrx_word' id='word_1_285' title='bbox 1048 4229 1099 4298; x_wconf 90' lang='lat' dir='ltr'>piis</span> <span class='ocrx_word' id='word_1_286' title='bbox 1122 4227 1245 4283; x_wconf 79' lang='lat' dir='ltr'>fidelibus</span> 
     </span>
     <span class='ocr_line' id='line_1_40' title="bbox 138 4295 1245 4371; baseline 0.003 -23"><span class='ocrx_word' id='word_1_287' title='bbox 138 4295 289 4350; x_wconf 85' lang='lat' dir='ltr'>aedificavit</span> <span class='ocrx_word' id='word_1_288' title='bbox 304 4301 422 4366; x_wconf 87' lang='lat' dir='ltr'>proxima</span> <span class='ocrx_word' id='word_1_289' title='bbox 439 4301 467 4354; x_wconf 91' lang='lat' dir='ltr'>in</span> <span class='ocrx_word' id='word_1_290' title='bbox 486 4297 662 4370; x_wconf 81' lang='lat' dir='ltr'>Chrysopoli,</span> <span class='ocrx_word' id='word_1_291' title='bbox 685 4300 874 4371; x_wconf 89' lang='lat' dir='ltr'>constituitque</span> <span class='ocrx_word' id='word_1_292' title='bbox 891 4299 1042 4371; x_wconf 88' lang='lat' dir='ltr'>episcopum</span> <span class='ocrx_word' id='word_1_293' title='bbox 1059 4299 1097 4353; x_wconf 89' lang='lat' dir='ltr'>ibi</span> <span class='ocrx_word' id='word_1_294' title='bbox 1115 4299 1245 4369; x_wconf 72' lang='lat' dir='ltr'>stachyn,</span> 
     </span>
    </p>
   </div>
   <div class='ocr_carea' id='block_1_6' title="bbox 0 0 1406 4676">
    <p class='ocr_par' dir='ltr' id='par_1_7' title="bbox 0 0 1406 4676">
     <span class='ocr_line' id='line_1_41' title="bbox 0 0 1406 4676; baseline 0 2"><span class='ocrx_word' id='word_1_295' title='bbox 0 0 1406 4676; x_wconf 95' lang='lat' dir='ltr'> </span> 
     </span>
    </p>
   </div>
  </div>
 </body>
</html>
