2836 4680
427 317 485 383 nn
510 311 754 382 rrmououo
780 309 963 382 usscusu.
1065 311 1068 316 ·
1136 262 1139 274 ’

247 487 499 574 tentaverimus&
513 485 626 571 μεταξὺ
636 484 747 572 χωρία,

118 682 123 690 .
147 589 229 658 7745
248 595 371 680 δρῶντ’
390 593 572 681 ἀφανίζοντα
584 595 640 674 τῆς
652 587 753 673 μάχης
766 583 862 678 νάμφ,

248 695 359 780 σκηνάς
373 723 406 762 τε
420 699 514 779 πῆξαι
529 693 607 760 κατὰ
617 699 720 779 χῶρον
734 693 914 778 Νυμφαίου,

250 796 312 864 εἷθ’
330 795 578 882 άπυνοστίγσαντο
592 796 648 880 τὴν
661 792 749 862 πάλιν
762 793 896 884 φθάσαι.

142 965 150 986 ‚
251 905 339 968 ταῦτ’
359 901 421 991 άρα
436 899 619 988 Λασκάριυς
631 899 727 986 Ἔρρῇ
744 899 872 983 συνίβη·
976 912 983 924 “

252 1009 294 1082 εἰς
309 1006 442 1083 σπονδὰς
457 989 573 1094 ἀμφάῖν
587 999 754 1086 συμβάσεις
767 1002 797 1068 τ’
815 998 988 1088 ἀφιγμίνων

153 1107 236 1176 7760
255 1109 288 1172 αἲ
301 1106 501 1194 συμβιβάσεις
515 1098 588 1173 τάδε
602 1108 653 1171 καί
667 1107 852 1193 συμφωνίαι,

210 1249 213 1256 ·
254 1209 297 1288 ὡς
312 1212 349 1278 ἂν
361 1212 494 1299 Ὀχυράν
511 1213 565 1294 τὴν
581 1207 667 1274 πάλιν
683 1210 734 1273 καί
747 1209 785 1274 τά
801 1210 887 1295 τιίριξ

254 1315 292 1381 τά
309 1316 378 1383 κατ’
398 1314 469 1402 ὅρος
483 1316 512 1380 τ’
535 1307 574 1379 αὖ
590 1318 645 1378 τοῦ
662 1313 786 1396 Κυμινᾶ
798 1314 908 1398 χωρία,
934 1297 940 1305 x

253 1417 401 1504 τυγχάνον
415 1419 510 1504 ἀγχοῦ
524 1418 672 1506 φρουρίου
688 1417 874 1500 λελιγμίνου,

256 1529 353 1608 φάλον
367 1519 503 1608 κατάσχῃ
517 1521 705 1604 καϊνίμηται
717 1520 879 1585 Λατίνων·

65 1613 70 1617 .
157 1632 238 1698 7755
257 1623 405 1710 Κάλαμος
421 1623 442 1709 τ)
457 1624 544 1708 κώμη
561 1625 611 1702 δέ,
634 1623 709 1709 παρ’
729 1613 766 1688 οὗ
782 1622 817 1686 τὸ
834 1623 927 1708 κλίμρι

163 1777 165 1786 ,
257 1735 317 1794 τῶν
331 1725 532 1814 Νεοκάστρων
543 1726 599 1810 τὴν
612 1725 767 1812 καταρχὴν
781 1722 941 1808 λαμβάνει,
954 1749 961 1763 ·

259 1831 369 1919 ἕρημος
385 1829 522 1914 άυίκητος
537 1822 557 1917 ᾗ
573 1855 605 1894 τε
621 1831 672 1893 καὶ
686 1828 771 1914 μένῃ.

260 1937 299 2001 τι)
317 1935 349 2000 ‹i’
369 1933 428 2000 ἀπὸ
447 1937 536 1999 τοῦδε
553 1931 632 1998 καθ’
653 1932 693 1998 to
709 1927 869 1996 νενευκότα

260 2035 462 2123 (Νοάκαστρα
477 2037 564 2103 ταῦτ’
582 2034 662 2114 ἔστι,
688 2035 854 2122 Πίργαμσς
866 2025 954 2105 πόλις

160 2145 244 2209 7760
263 2137 432 2224 Κολβιανάν
446 2166 477 2206 τι
494 2143 544 2205 καὶ
557 2139 684 2226 Χλιαρίν
697 2141 747 2203 καί
764 2135 912 2223 Σμάρνα)

262 2246 318 2310 σὺν
332 2253 395 2321 τοῖς
408 2245 477 2310 κατ’
495 2243 572 2309 εὐθὺ
587 2241 733 2325 καμίνοις
744 2244 795 2305 καὶ
808 2245 941 2327 πλαγίως

262 2347 374 2414 ἅπαντ’
394 2347 506 2414 insitor
521 2351 645 2428 βασιλεῖ
657 2345 843 2434 Λασκαρίφ.

324 2448 500 2536 Πράθυμον
517 2447 600 2540 ὁρμᾷ
615 2451 665 2513 καὶ
681 2449 720 2514 τὰ
734 2447 819 2534 παρά
837 2443 1023 2535 Βουλγάρων
1042 2475 1046 2483 ·

263 2552 474 2620 ἓπειστιεσάντα
484 2551 630 2636 ‘Formicis
643 2557 688 2641 τῷ
700 2548 768 2617 τότε

164 2659 246 2722 7765
264 2663 319 2740 τῆς
332 2658 466 2744 ἱστορίας
478 2659 667 2744 παραδοῦναι
679 2661 723 2744 τῷ
734 2652 824 2744 λόγῳ.

327 2763 391 2825 Καὶ
406 2763 475 2850 πρὶν
488 2761 560 2844 μίν,
586 2750 619 2825 εὖ
631 2759 751 2841 ἔχοντος
762 2756 914 2827 Αὐσόνων
923 2758 1063 2850 κράτους,

250 2868 385 2928 ’πολλῶν
399 2871 499 2929 κακῶν
512 2864 608 2928 αἴτιον
623 2861 715 2939 {icoo
729 2859 916 2950 Βουλγάρων

266 2962 380 3054 ὗπῆρξε
396 2964 562 3050 Ῥωμαίοις
571 2993 604 3032 τε
620 2967 669 3031 καὶ
685 2967 880 3058 κραταρχίρι.Α

264 3067 391 3134 Ἰσάκιον
405 3070 463 3158 γὰρ
477 3067 792 3176 άγγιλάνυμοντιάλαι

169 3371 242 3418 eeret
263 3381 404 3436 excursus,
428 3368 537 3420 rostatis
561 3367 615 3420 inte
637 3365 717 3420 terris
739 3365 918 3436 interpositis,
942 3365 1037 3433 (7745)
1053 3365 1090 3418 nil
1107 3364 1175 3419 beilo
1192 3365 1259 3424 into<

168 3443 237 3488 ctum
261 3433 396 3504 linquens,
419 3437 503 3490 donec
518 3439 621 3490 tandem
642 3446 703 3490 ante
720 3435 869 3506 Nymphaei
885 3436 983 3506 regiam
1000 3437 1139 3488 tentorium
1156 3435 1261 3524 figeret.

168 3506 215 3558 sed
238 3521 298 3557 mox
320 3505 475 3571 Byzantium
495 3509 616 3560 reducem
641 3505 703 3560 tulit
724 3507 827 3575 pedem.
861 3507 922 3559 ideo
945 3505 1068 3557 Lasooris
1091 3521 1148 3556 cum
1168 3505 1264 3556 hurico

168 3574 301 3626 convenit.
328 3574 424 3628 deinde
440 3575 513 3646 pacis
531 3577 640 3628 foedere
651 3574 815 3645 coaluerunt,
834 3577 931 3647 (7750)
946 3574 1020 3628 ouius
1037 3574 1183 3627 huiusmodi
1201 3591 1263 3626 cou-

169 3644 288 3696 dioiones
305 3651 392 3714 erant,
410 3653 441 3697 ut
457 3648 519 3698 urbs
535 3645 643 3714 Oohyre
660 3663 716 3697 cnm
735 3663 799 3713 egro
816 3663 865 3698 suo
882 3653 910 3697 et
927 3645 988 3714 pagi
1007 3645 1088 3696 monti
1106 3641 1265 3698 circumiecti

170 3713 298 3782 cymino,
321 3713 366 3782 qui
384 3731 455 3766 mons
472 3717 505 3767 ab
521 3716 588 3768 urbe
605 3715 713 3781 Ochyre
729 3731 812 3784 prope
828 3717 918 3781 abest,
943 3712 1045 3766 Latinis
1062 3713 1173 3765 dominis
1190 3712 1264 3764 inco-

170 3785 253 3850 lisque
271 3783 409 3848 cederent3
436 3785 530 3850 (7755)
548 3783 668 3836 Calamus
686 3792 771 3836 autem
789 3799 887 3852 pagus,
907 3783 976 3835 unde
993 3782 1088 3852 incipit
1104 3783 1265 3835 Neocuetro-

170 3869 225 3905 rum
243 3869 310 3921 qnae
326 3852 423 3906 dicitur
439 3853 591 3924 provincia,
620 3853 738 3906 neutrius
756 3853 839 3922 partis
857 3861 928 3904 esset
944 3869 975 3904 ec
992 3852 1107 3906 deserto.
1143 3851 1266 3919 regiones

171 3930 257 3974 autem
282 3923 315 3974 ad
338 3921 466 3975 orientem
488 3939 597 3990 versae,
623 3923 772 3974 Neocostro
791 3921 917 3974 videlicet
937 3927 1017 3988 atque
1034 3923 1097 3974 urbs
1114 3921 1265 3988 Pergamos,

170 3991 266 4058 (7760)
283 3991 449 4058 Celbianum,
467 3991 576 4044 Chliaro
592 3999 670 4059 atque
688 3993 801 4058 Smyrna
817 4007 874 4043 oum
889 3990 1056 4044 circumiecto
1073 3990 1208 4059 regionum
1225 3989 1265 4042 io-

172 4069 230 4112 tore
249 4059 354 4126 Lascapi
369 4069 462 4113 cuncto
478 4060 588 4113 Caesari
606 4068 738 4130 parerent.

239 4129 317 4180 Nunc
338 4131 388 4182 iem
410 4131 463 4184 tert
484 4131 584 4182 animus
601 4129 687 4181 omnia
703 4146 771 4198 quoe
787 4127 893 4196 uolgari
911 4145 960 4198 per
976 4129 1039 4182 iliud
1056 4135 1158 4198 tempus
1175 4133 1267 4182 contra

171 4215 220 4251 noe
235 4199 355 4252 iecerunt
374 4201 467 4268 (7765)
484 4199 610 4252 historiae
624 4199 725 4266 reliquo
743 4199 859 4268 pendere
875 4215 1005 4250 sermone.

241 4267 331 4320 Adhuc
346 4271 458 4322 florente
473 4269 621 4336 Byzantino
637 4266 747 4338 imperio
768 4284 847 4320 causa
871 4268 1007 4319 multorum
1025 4265 1127 4318 exstitit
1144 4254 1266 4318 maiorum

172 4336 212 4389 rei
229 4346 334 4391 nostroe
351 4339 471 4408 publicae
487 4339 628 4409 Bulgarice
646 4338 728 4410 natio.
764 4355 821 4392 nam
839 4344 867 4390 ct
883 4337 1009 4405 isacium,
1026 4335 1151 4406 Angelum
1169 4351 1266 4404 cogno-

531 4421 538 4444 Ι
