2834 4680
159 332 237 408 164
577 329 846 400 nrnnnnnllns

265 504 359 588 άλβου
375 529 407 570 τε
424 505 537 570 πολλοῦ
553 503 602 566 καὶ
619 497 765 590 λαφάρων
781 499 908 587 μυρίων,

266 614 386 694 πλῆθος
405 602 599 692 δορυάλωτον
615 607 657 680 εἰς
672 603 819 688 ἐπαρχίαν
888 599 892 606 ’

268 711 323 795 τήν
340 715 401 778 τῶν
417 712 562 774 Βιθυνῶν
578 707 656 773 κατά
672 707 729 790 τήν
745 699 942 790 Νικομήδους

197 833 204 842 ’
270 808 455 897 διαβιβάσας
470 812 662 896 ίγκατοιιιίζει
676 809 787 898 (γέρων,

169 915 252 988 3845
272 920 323 984 καὶ
340 917 433 982 τῶνδε
450 914 521 992 τοὺς
536 916 591 997 μὲν
608 919 738 1002 στρατιᾷ
754 908 918 992 καταλέγει,

269 1020 341 1098 τοὺς
359 1019 389 1084 d’
411 1009 451 1083 αά
465 1025 582 1104 παρῆκε
598 1022 747 1082 συντελεῖν
761 1018 853 1100 κοινῷ
869 1009 995 1096 φάρσος.

335 1115 444 1188 Οάννοι
459 1120 512 1188 τὸν
521 1121 640 1208 Ἴστρον
655 1116 872 1204 ἐκπεράσοιντες
886 1114 998 1199 θίρους

270 1231 508 1312 κατακρατοάσιν
522 1223 629 1300 άστεος
644 1216 862 1310 Βρανιτζάβης,

271 1331 320 1392 καὶ
334 1331 425 1412 τήσὸε
439 1326 539 1404 πάσας
554 1328 785 1412 κατερείψαντες
796 1320 904 1405 βάρεις
960 1398 962 1410 A

170 1434 254 1499 3850
271 1431 441 1517 μετήγαγον
455 1429 534 1518 πρὸς
549 1428 716 1514 Ζεάγμινον
731 1430 782 1493 καὶ
797 1424 869 1504 τοῢς
883 1425 1000 1500 λίθους,

273 1532 489 1620 ἓπιὸραμάντες
505 1537 553 1598 καὶ
570 1535 726 1619 Σαρδαιής
738 1530 848 1615 χωρία.

274 1635 383 1703 οὐκοῦν
400 1638 447 1702 ἐπὶ
465 1643 547 1724 σφᾶς
562 1633 781 1723 ἐκστρατεύσας
795 1630 812 1697 ὁ
829 1626 950 1718 κράτωρ

272 1741 304 1804 ἓν
318 1737 490 1827 άγροχίρσῳ
506 1741 555 1804 καὶ
571 1744 710 1829 σθεναρή
724 1735 860 1819 δυνάμει,
1065 1767 1077 1796 ι

272 1843 349 1909 κατά
361 1844 414 1908 τὸν
420 1841 538 1929 Ἴστρον
551 1841 736 1926 συμπλακεὶς
750 1834 924 1914 ἀντιπάλοις

171 1947 254 2012 8855
271 1948 374 2029 ἰ’στησι
388 1945 530 2033 λαμπρὰν
543 1945 621 2010 κατά
633 1943 800 2029 βαρβάρων
811 1943 906 2024 νίκην,

273 2051 324 2115 καὶ
339 2047 491 2136 Χράσμον
508 2045 567 2114 εἷλε
583 2049 639 2114 σὺν
653 2053 698 2134 τῷ
714 2046 951 2134 Φραγγοχωρίῳ,

272 2159 329 2238 γῆς
342 2149 486 2217 Παιόνων
499 2151 659 2238 κράτιστον
673 2147 812 2236 ὑπάρχον
823 2148 925 2232 μέρος.

273 2255 351 2342 πρὸς
366 2255 398 2320 d’
419 2246 458 2320 αὖ
474 2239 685 2342 παρεστήσατο
699 2263 797 2336 τεῖχος
810 2251 988 2340 Ζευγμίνου,

275 2357 333 2422 κάει
350 2361 438 2423 redde
454 2363 536 2423 λείαν
546 2356 688 2444 Ιἀπήλασε
703 2358 814 2442 μυρίαν

173 2461 259 2527 3860
276 2463 327 2525 καὶ
341 2457 458 2548 λάφνρ’
475 2459 622 2546 ἐκτήσατο
639 2464 689 2525 καὶ
703 2466 828 2525 πλεῖστα
842 2461 939 2524 σκῦλα

274 2560 366 2638 αὐτάς
379 2589 410 2628 τε
425 2565 476 2628 καὶ
488 2561 662 2650 στράτευμα
671 2559 830 2644 Ῥωμαίων
844 2557 935 2624 άπαν.

274 2663 471 2749 σπεισάμενος
487 2667 519 2732 θ’
538 2665 640 2731 ἔπειτα
654 2663 826 2751 βαρβάροις
842 2659 988 2742 Οάννοις,’

275 2769 353 2855 πρὸς
366 2769 421 2852 τήν
438 2769 476 2834 ἕω
491 2767 664 2858 στράτευμα
680 2764 873 2850 διαβιβάσας,

276 2871 327 2937 διὰ
344 2875 490 2938 Βιθυνῶν
501 2871 621 2961 χωρίων
634 2868 849 2960 Παφλαγόνων

174 2975 256 3040 8865
276 2975 435 3062 ἐφίσταται
448 2974 574 3061 τάχιστα
589 2983 628 3062 τῇ
642 2971 831 3057 Κασταμάνι,

276 3080 327 3144 καὶ
342 3077 429 3163 τήνδ’
447 3081 615 3145 ἓπανίσωσι
630 3087 668 3166 τῇ
682 3077 828 3161 Ῥωμαίθι

338 3274 408 3330 3850
425 3272 453 3328 in
472 3273 569 3328 codicis
586 3273 703 3344 margine
720 3291 763 3342 γρ.
784 3268 925 3340 Ζεάγμιον.
943 3267 981 3322 Μ.

177 3438 272 3509 opibus
294 3436 418 3511 copiosis.
453 3441 585 3512 captivum
607 3451 692 3496 autem
715 3443 808 3512 vulgus
830 3439 900 3495 ultra
916 3439 1012 3492 fretum
1029 3437 1163 3493 manatulit
1177 3437 1206 3491 in
1223 3438 1271 3490 Bi-

176 3507 309 3577 thymum,
328 3512 405 3582 eique
423 3512 500 3564 aedes
517 3512 585 3564 haud
621 3513 694 3566 rocul
710 3515 774 3565 urbe
791 3507 945 3564 Nicomedia
962 3508 1093 3563 attribuit.
1116 3507 1211 3575 (5845)
1227 3508 1271 3561 in-

177 3577 264 3648 deque
282 3580 376 3648 partim
394 3579 489 3635 milites
507 3582 677 3652 conscripsit,
698 3582 792 3652 partim
810 3579 849 3632 rei
886 3578 986 3632 ublicae
1001 3578 1067 3630 fecit
1082 3576 1236 3646 vectigales.

245 3647 340 3701 istrum
358 3649 459 3702 aestivo
476 3658 593 3720 tempore
610 3651 767 3720 transgressi
785 3649 875 3701 Hunni
891 3657 1019 3716 oeperunt
1029 3649 1119 3700 urbem
1130 3645 1272 3700 Branitzo·

178 3719 246 3783 ben,
266 3716 340 3771 cuius
357 3717 466 3772 deiectis
483 3720 583 3773 cunctis
602 3721 729 3773 aediliciis
747 3718 841 3788 (3850)
855 3716 956 3789 lapides
974 3717 1050 3770 etiam
1066 3715 1213 3788 Zeugmion
1229 3725 1274 3768 tu-

178 3785 278 3849 lerunt3
296 3794 348 3838 tum
365 3787 443 3838 etiam
461 3804 550 3856 agrum
567 3791 734 3842 incurrerunt
749 3787 884 3844 sardicae.
910 3787 992 3855 igitur
1007 3785 1049 3838 his
1066 3795 1206 3840 occurrens
1224 3785 1275 3837 im-

180 3861 288 3974 perator
304 3856 374 3908 inter
391 3855 499 3938 paludes
516 3875 572 3910 oum
590 3857 671 3911 milite
689 3856 806 3928 pedestri
823 3864 851 3937 et
867 3855 968 3940 napuli,
998 3855 1068 3940 hepid
1085 3856 1183 3940 ‚procpl
1203 3855 1275 3908 Istro

201 3925 300 3976 ostibus
324 3941 493 3995 congressus,
520 3927 615 3996 (3855)
640 3927 734 3982 claram
756 3927 789 3979 de
810 3927 930 3979 barbaris
948 3924 1050 3978 rettuht
1067 3933 1222 3992 victoriam,
1247 3932 1276 3978 et

181 3992 333 4046 Ghrssmum
360 3994 430 4064 cepit
452 4011 508 4048 curn
530 3995 741 4064 Franoochorio,
768 4003 835 4071 qtae
860 4013 922 4066 pars
944 3993 1076 4047 Paeoniae
1092 3994 1276 4116 praestantior

182 4069 250 4114 erat.
284 4071 337 4116 tum
355 4063 433 4116 etiam
450 4063 567 4134 Zeugmii
585 4065 872 4136 moenie'expugnavit,
889 4063 1012 4134 illincque
1027 4081 1090 4133 prae
1108 4081 1149 4116 am
1167 4062 1278 4118 abstulit

182 4129 357 4199 innumeram,
383 4130 477 4202 (3880)
501 4134 628 4188 munublis
649 4135 659 4187 i
680 4153 708 4188 se
727 4135 845 4206 plurimis
859 4135 958 4187 ditatur
974 4132 1101 4204 simulque
1118 4132 1201 4186 omnir
1218 4133 1276 4185 Ro-

185 4215 275 4252 manus
302 4200 443 4254 exercitus.
476 4221 542 4274 pace
564 4219 621 4256 cum
675 4206 751 4257 unnis
776 4204 895 4258 barbaris
915 4201 1072 4274 composita,
1098 4202 1126 4256 iu
1149 4202 1278 4255 orientem

183 4267 317 4322 transtulit
326 4270 480 4336 exercitum3
498 4288 598 4342 perque
609 4271 739 4342 Bithynos
750 4275 882 4327 transiens
894 4283 921 4324 et
931 4271 1113 4340 Paphlagonas
1124 4271 1219 4340 (3865)
1232 4289 1280 4324 ce-

182 4335 232 4388 leri
256 4352 334 4391 cursu
356 4340 481 4406 pervenit
503 4341 698 4415 Castamonem,
727 4345 847 4414 hancque
867 4343 985 4396 Romano
1002 4341 1280 4410 vindemiamque,
