2838 4684
472 293 530 360 DE
555 292 718 364 ALEXIO
742 293 925 368 ANGELO.

150 464 234 528 6276
252 461 337 548 παρὰ
351 466 536 549 Μυσορχιύν
550 461 741 550 κασιγνήτων
755 463 947 554 δυστρόπων,

247 563 341 632 ’Aah
357 593 390 632 τε
404 569 545 653 Πέτρου,
569 575 625 652 τῆς
640 575 736 652 κακῆς
748 575 924 659 ξυνωρίδος,

252 671 430 756 προστρέχει
445 669 604 757 πράγμασι
618 675 669 738 καὶ
683 675 783 740 τοῖσδ’
803 671 922 757 ἀμύνει.

252 775 344 856 δηλοῖ
354 773 387 838 δ’
405 774 454 838 ἔπ’
473 775 557 864 αύτῷ
573 775 609 840 τδ
625 778 766 863 πραχθὲν
781 785 820 865 τῇ
837 776 966 870 συζύγίρ),

249 878 409 964 γερουσίας
422 877 508 963 μέρει
522 903 554 944 τε
567 885 612 966 τῷ
622 879 701 946 κατὰ
714 879 813 962 πόλιν,

148 979 234 1044 6280
250 978 353 1068 κλήρῳ
369 1005 402 1046 τε
417 983 507 1047 παντὶ
521 984 572 1048 καλ
584 984 719 1074 πολιτείᾳ
732 983 842 1050 πόλιν·

248 1085 299 1147 καὶ
314 1089 375 1160 πός
389 1109 435 1161 τις
449 1084 522 1150 ὠσίν
538 1085 632 1170 ἀκοὴν
646 1090 864 1174 πεπραγμένων

249 1183 326 1270 ι’ίγαν
343 1186 455 1271 ἱλαρῶς
469 1185 567 1271 ἡδέως
581 1187 712 1274 ἠκηκόει.
808 1221 812 1236 ·

248 1296 304 1371 τῆς
321 1289 351 1353 δ’
369 1289 573 1378 Εύφροσύνης
587 1293 760 1376 Δουκαίνης
773 1293 932 1375 βασιλίδος

249 1392 326 1477 πρὸς
339 1392 392 1460 τόν
403 1395 544 1480 μέγιστον
556 1397 630 1462 ναόν
643 1397 877 1485 ἆφικνοαμένης,

145 1494 229 1558 6286
249 1503 356 1581 στῖφος
371 1497 536 1578 βαναύσων
553 1503 704 1587 φρᾳτρίαν
720 1499 900 1588 δεδρακότες

248 1596 346 1684 ι’ίνδρα
358 1601 610 1689 Κοντοστέφανόν
622 1630 690 1669 τινα
702 1605 875 1690 τούπίκλην,

240 1699 373 1778 Ἀλέξων
387 1703 490 1787 κλήσει
507 1707 542 1770 δέ
545 1754 556 1784 ,
582 1706 795 1794 συνειληφότες

246 1805 278 1868 ἓν
290 1812 334 1892 τῷ
346 1809 478 1895 μεγίστῳ
490 1816 547 1874 τοῦ
560 1814 637 1874 θεοῦ
651 1813 729 1897 θείῳ
743 1809 830 1899 δόμῳ

244 1905 366 1974 ἀνεῖπον
380 1906 423 1986 ὡς
439 1909 554 1976 όίνακτα
567 1919 622 1995 τῆς
632 1909 819 1996 Ῥωμαΐδος·

140 2009 226 2074 6290
242 2015 392 2098 λαμπρῶν
406 2014 437 2076 δ’
455 2015 542 2091 ένίοις
553 2019 715 2097 συσχεθεὶς
727 2014 902 2102 παραυτίκα

244 2115 384 2201 φρουρὰν
400 2113 514 2202 ὑπέστη
531 2121 581 2183 καὶ
597 2115 755 2206 κόθειρξιν
770 2122 904 2196 ε’νδίκως.

243 2221 294 2282 καὶ
310 2219 415 2284 λοιπὸν
430 2218 510 2298 δι’ποις
524 2224 719 2310 προστρέχων
732 2224 808 2312 θείῳ
824 2219 912 2312 δόμηι

240 2321 297 2403 τὴν
311 2322 515 2410 Εὐφροσύνην
528 2323 651 2407 ἀνύμνει
663 2328 818 2408 βασιλίδα.
890 2383 892 2388 ,

239 2425 315 2506 μεθ’
335 2422 452 2514 ἡμέρας
467 2428 499 2493 δ’
517 2428 620 2495 εἴσεισι
633 2433 684 2494 καὶ
699 2429 821 2518 κρότωρ
835 2423 934 2509 πόλιν,

139 2523 223 2591 6295
243 2527 279 2592 ού
293 2536 386 2596 πᾶσιν
398 2527 549 2609 ἀσπάσιος
566 2523 608 2598 ὧν
620 2530 713 2622 χάριν
728 2533 803 2619 ἕδρα
826 2585 830 2606 ,
852 2559 855 2569 ’

241 2635 284 2708 είς
297 2629 442 2718 σύγγονον
456 2637 546 2722 φίλον
560 2661 593 2702 τε
608 2640 659 2702 καὶ
673 2638 820 2719 βασιλέα·

240 2734 276 2798 οἳ
286 2739 337 2800 καὶ
350 2740 599 2824 παρεφθέγγοντο
620 2738 777 2824 δήπουθεν
792 2737 868 2806 τάδε

235 2833 296 2902 “do
311 2837 390 2905 οἶδεν
404 2840 489 2930 ὕδωρ
505 2843 577 2920 τούς
591 2844 770 2922 πεπωκότας
782 2846 905 2928 πνίγειν,

238 2942 271 3006 τί
281 2943 387 3008 λοιπόν
400 2943 475 3010 ι’ίλλο
490 2948 541 3010 καλ
556 2948 634 3012 mdo
649 2944 772 3031 ζήσαιτό
785 2973 851 3028 τιςς

135 3044 221 3108 6300
239 3047 266 3109 εἰ
283 3045 313 3110 δ’
334 3046 371 3112 ού
388 3054 552 3138 λυτρούται
568 3049 623 3119 τόν
637 3049 785 3136 σύναιμον
800 3044 940 3118 κινδύνου

297 3209 366 3264 6277
382 3225 412 3262 τε
428 3206 592 3280 πρόγμοσι2

131 3342 316 3404 laborantibus
340 3346 435 3415 (6275)
453 3353 563 3418 proptor
587 3348 711 3403 molestos
734 3348 869 3422 principes
892 3349 1043 3404 Moesorum
1061 3347 1174 3404 Aeonem
1192 3354 1234 3404 et-

133 3429 185 3482 que
201 3413 324 3483 Petrum,
351 3415 481 3470 insnuetoe
499 3419 612 3485 iratres,
641 3437 716 3489 opem
739 3437 878 3490 curemque
904 3421 1007 3479 censuit
1024 3420 1232 3488 impendendam.

132 3481 406 3621 888λῖ8όέ88
423 3484 545 3624 titt
560 3489 1089 3628 ttffittttttdd‘tttttt
1107 3489 1234 3611 λέίέιιλ
1276 3527 1278 3530 ’

130 3619 251 3674 notitiam
270 3639 357 3676 rerum
375 3641 451 3677 nemo
468 3642 520 3678 non
537 3626 651 3680 libenter
669 3618 757 3680 bennit
774 3629 890 3684 auribus.
927 3645 983 3680 oum
1001 3635 1089 3680 tumen
1104 3627 1231 3696 Euphro-

130 3707 198 3758 syne
214 3689 339 3746 Ducaene
362 3693 396 3746 ed
412 3711 533 3762 magnum
549 3695 672 3765 templum
689 3697 784 3764 regine
799 3697 970 3768 procederet,
995 3697 1090 3763 (6286)
1108 3695 1231 3766 plebeiae

130 3761 225 3812 turbae
248 3761 400 3830 conspirate
420 3781 511 3816 menne
537 3764 621 3818 virum
643 3767 797 3835 cognomine
820 3765 1078 3834 Contoetepbenum,
1111 3764 1231 3818 Alexium

129 3838 215 3882 nutem
233 3830 351 3899 nomine,
368 3832 506 3886 deductum
525 3833 552 3888 in
569 3851 690 3904 magnum
709 3835 754 3887 dei
772 3837 948 3890 venerandum
965 3833 1096 3904 tempium,
1114 3834 1229 3902 impere-

128 3905 213 3952 torem
230 3898 374 3954 Romanum
396 3903 531 3955 salutavit.
567 3905 661 3972 (6290)
681 3921 770 3958 verum
788 3905 811 3958 ie
829 3913 921 3973 captus
939 3903 1025 3956 statim
1042 3905 1075 3956 eb
1093 3903 1229 3971 optimati-

128 3968 177 4020 bue
201 3969 320 4021 meritam
346 3970 437 4024 babuit
459 3971 572 4026 carceri·
599 3974 754 4026 custodiam.
794 3974 890 4026 deinde
918 3983 1027 4026 conotus
1056 3971 1167 4041 populus
1195 3971 1228 4024 ud

127 4035 250 4106 templum
276 4055 383 4092 currens
409 4041 602 4111 imperatricem
625 4041 756 4096 salutabat
777 4042 989 4112 Euphrosynem.
1025 4051 1087 4109 post
1104 4042 1162 4094 dies
1178 4040 1228 4094 uli-

127 4115 194 4175 quot
217 4105 318 4160 Cueeer
342 4127 447 4178 quoque
470 4111 498 4164 in
524 4111 615 4165 urbem
643 4112 741 4180 (6295)
765 4111 835 4165 heud
857 4111 957 4165 cunctis
981 4119 1071 4179 gratus
1094 4111 1169 4164 vonit
1192 4112 1226 4163 ob

12 4207 13 4210 =
127 4191 201 4228 suum
217 4175 321 4229 fucinus
341 4189 433 4232 contre
451 4197 601 4248 germanum
619 4181 726 4234 botrum
744 4198 870 4252 suumque
887 4181 1028 4234 dominum.
1064 4186 1144 4250 utque
1161 4198 1227 4232 con-

127 4245 228 4298 vicians
253 4245 349 4328 aliquio
372 4248 412 4302 eie
433 4249 503 4303 forte
526 4249 615 4304 eiebet
639 4245 680 4302 “ei
697 4250 817 4332 bibentes
834 4251 1073 4331 praefocantque,
1093 4251 1157 4333 'quie
1173 4250 1225 4332 iem

125 4314 178 4368 ulio
197 4322 262 4382 potu
279 4324 359 4372 vitem
376 4319 495 4374 toleret?
531 4319 629 4390 (6300)
646 4329 715 4376 etim
731 4321 840 4376 irenem
856 4336 909 4375 non
924 4320 1030 4374 redimit
1043 4336 1060 4372 n
1074 4319 1225 4380 disormme

166 4393 351 4462 Ερίιιοτσιίατ.
978 4393 1019 4454 17
