2802 4688
508 312 565 378 DE
594 311 825 382 unuclnuo.

240 486 291 551 κοιλ
301 477 499 567 Ἰουβινάλιος
512 481 595 550 Σιιδν
609 480 713 570 άγίας·

155 591 216 656 885
242 587 277 654 ολ
290 589 328 673 δὴ
344 592 490 652 καθεῖλον
506 585 681 676 Διόσκορον
691 587 814 664 ἐνδίκως

240 691 297 759 σδν
311 692 447 774 Εὗτυχεῖ
458 715 490 756 τε
506 693 653 775 δυστυχεῖ
662 691 844 780 τρισαθλίφ,

241 795 289 860 ἐπὶ
303 799 446 882 Χριστοῦ
459 795 601 880 λέγοντας
614 795 650 862 οὗ
660 799 775 873 διπλᾶς
791 791 909 882 φάσεις,

240 899 314 982 μίαν
329 899 492 981 δὲμᾶλλον
505 901 663 982 δυσσεβῶς
674 894 882 988 κακοφρόνως.

242 1005 304 1068 ἐπεὶ
321 1001 352 1068 δ’
369 1003 502 1079 ἀναιδῶς
514 999 699 1070 ἀπεναντίων
712 1013 821 1089 στῖφος

156 1105 217 1174 840
241 1104 440 1195 ἀρθάφρονας
454 1097 499 1190 ἦν·
508 1103 707 1190 ἓνδιαβάλλον
720 1104 821 1190 μάτην

242 1206 284 1286 ὥς
296 1211 468 1296 Νεστορίου
480 1209 536 1293 τὴν
551 1208 650 1295 λάμην
665 1207 860 1296 δεδεγμένους

241 1314 273 1378 ἓν
286 1319 329 1400 τῷ
344 1323 466 1400 φρονεῖν
479 1338 511 1378 τε
527 1316 577 1380 καὶ
592 1315 686 1400 λέγειν
699 1311 837 1400 Χριστὸν
851 1313 954 1404 φίρειν

243 1419 351 1493 διπλᾶς
365 1418 482 1493 τελείας
496 1415 552 1494 τάς
567 1415 691 1504 φάσεις,
713 1413 891 1501 ἀσυγχύτους

240 1517 397 1603 ἡνωμένος
412 1512 452 1586 αδ
466 1522 498 1585 ἐν
512 1525 571 1610 μιρλ
585 1520 615 1606 γ’
631 1518 807 1599 ὑποστάσει,

156 1626 217 1693 845
241 1623 318 1710 πρὸς
332 1620 512 1710 δρθοδάξων
525 1627 683 1707 δυσσεβῶν
694 1621 783 1707 τάμοι
801 1618 857 1689 δάο

241 1723 430 1814 γεγράφαται
444 1728 483 1810 δὴ
500 1727 557 1792 σδν
568 1727 625 1815 ὅλη
637 1729 810 1819 προθυμίη,

241 1832 293 1895 καὶ
308 1826 417 1896 τούσδε
431 1835 533 1908 καλῶς
546 1834 783 1918 σφραγίσαντες,
810 1826 852 1906 ὥς
867 1827 945 1910 δίον,

242 1935 274 1997 ἒν
288 1931 415 2022 λάρνακι
428 1933 561 2000 κλείουσι
576 1940 694 2000 σεπτῶν
707 1930 861 2016 λειψάνων

242 2036 407 2124 Εὖφημίας
420 2033 594 2124 μάρτυρος,
620 2037 727 2119 ὀλβίας
740 2033 843 2123 κόρης.
871 2123 874 2130 .

157 2144 218 2209 850
244 2137 307 2207 εἶτα
319 2140 389 2223 μετ’
408 2140 498 2224 εάχάς
511 2138 629 2228 ἡμέραν
641 2165 673 2207 τε
686 2139 742 2224 τὴν
755 2141 860 2226 τρίτην

242 2240 363 2310 πάντων
377 2241 536 2331 παρόντων
551 2244 739 2330 ἀνεῳγμένου
754 2239 875 2328 τάφου,Ι
920 2289 924 2296 .

243 2349 295 2413 καὶ
311 2354 366 2414 τοῦ
381 2343 791 2435 κρατοῦντοςσυμπαρόντος
804 2339 965 2430 πατράσιν,

245 2449 271 2516 u'i
290 2453 491 2534 θαυμασίων,
517 2450 638 2537 Χριστέ
650 2473 728 2532 μου,
753 2449 939 2535 τεραστίωνί

243 2561 304 2620 τῶν
319 2556 476 2636 δυσσεβῶν
488 2553 545 2635 μὲν
562 2553 719 2640 αἱρετικῶν
733 2577 793 2616 που
808 2548 903 2633 τόμος

157 2658 217 2722 855
244 2660 276 2723 ἐν
290 2669 354 2734 τοῖς
369 2661 441 2724 ποσὶ
454 2653 613 2745 μάρτυρος
628 2648 667 2740 ἦν
684 2655 874 2744 ἐρριμμένος,

243 2761 297 2827 τὸν
312 2761 343 2826 δ’
361 2755 401 2828 ui
416 2785 449 2846 γε
466 2759 571 2825 λοιπὸν
585 2757 836 2848 ἀρθοδοξοάντων
847 2758 960 2845 μίρους

243 2874 361 2949 κατεῖχε
370 2865 476 2953 χερσὶν
489 2864 638 2951 ἀσφαλῶς
653 2871 720 2947 ταῖς
733 2864 836 2940 ἰδίαις,
913 2910 915 2914 ,

244 2973 297 3032 καὶ
311 2975 356 3056 τῷ
370 2973 531 3055 κρατοῦντι
547 2971 597 3032 κοιλ
614 2963 787 3054 πατριάρχη
804 2965 886 3047 νίμει

157 3095 160 3102 ·
244 3071 303 3156 τὴν
319 3070 420 3150 δεξιάν
434 3073 559 3138 τείνασα
573 3071 650 3158 πρὸς
666 3076 759 3156 σφᾶς.
811 3066 837 3134 ολ
851 3069 953 3158 τέρας.
1022 3061 1029 3079 ”

156 3177 219 3240 860
296 3175 391 3242 Metti
407 3175 442 3241 δὲ
456 3180 555 3241 ταῦτα
565 3177 688 3258 βασιλὶς
700 3172 877 3259 Πουλχερία

143 3373 217 3435 ctae3
242 3369 322 3438 (835)
343 3369 426 3440 hique
448 3373 605 3427 damnarunt
626 3371 721 3428 merito
741 3371 897 3426 Dioecernm
916 3387 975 3426 cnm
991 3369 1144 3441 Entycbete
1161 3374 1253 3427 contre

141 3455 216 3492 enum
234 3457 330 3493 nomen
347 3440 460 3511 minero,
477 3442 523 3513 qui
539 3458 703 3512 nequaquam
717 3442 782 3496 duee
794 3441 1014 3496 christineturee
1026 3442 1073 3495 sed
1085 3441 1207 3496 enemim
1227 3441 1254 3494 ie

140 3509 263 3577 falseque
289 3509 464 3566 affirmabant.
499 3519 554 3566 tum
572 3513 636 3581 quie
653 3513 785 3566 contrarie
802 3511 969 3581 impudenter
985 3511 1067 3564 sectio
1086 3509 1163 3578 (840)
1181 3459 1254 3563 cein-

139 3579 292 3631 mniebetur
308 3587 409 3632 temere
429 3581 589 3636 orthodoxos
607 3582 684 3651 quasi
701 3581 823 3635 Nestorii
840 3581 906 3635 vitio
924 3581 1090 3648 laborantes,
1111 3597 1168 3632 cum
1186 3579 1255 3632 benc

25 3657 26 3660 ’
140 3647 176 3700 de
194 3647 303 3701 Christo
321 3649 479 3703 sententiam
494 3659 638 3720 gererent,
656 3652 726 3720 qnod
744 3653 808 3704 duee
825 3657 932 3704 neturus
946 3651 1079 3719 periectas
1092 3649 1255 3717 inconsuete,

141 3718 193 3770 enb
210 3734 263 3770 une
279 3717 384 3772 iunctae
403 3726 490 3772 temen
507 3739 621 3791 perenne
637 3720 775 3789 hebuerit,
802 3721 880 3788 (845)
906 3721 939 3772 eb
965 3717 1118 3772 orthodoxis
1136 3717 1256 3772 baereti-

140 3787 236 3856 cisque
253 3785 329 3840 eimul
347 3787 445 3858 duplex
462 3791 593 3844 confessio
611 3791 733 3860 protinus
749 3789 939 3853 conscribitur3
956 3789 1057 3858 haeque
1070 3786 1157 3856 sigillo
1171 3789 1256 3858 probe

24 3903 25 3906 ,
140 3856 314 3910 communitae
333 3856 362 3908 in
380 3874 443 3911 erce
460 3858 583 3914 claudunt
596 3875 728 3912 secretum
739 3859 908 3928 reliquiarum
918 3859 1022 3941 puellae
1033 3858 1174 3926 martyris,
1190 3857 1255 3910 bea·
1364 3895 1369 3906 .

139 3933 187 3978 tee
213 3924 391 3995 Euphemiee.
427 3929 507 3996 (850)
526 3936 588 3999 pust
610 3928 717 3982 tertiam
741 3927 825 3997 diem,
852 3929 977 3999 precrbne
998 3927 1129 3996 peractis,
1153 3925 1255 3980 cunctis

140 3993 293 4064 sepulcrum
319 4001 414 4064 patene
439 3996 706 4066 circumsistentibus,
733 3998 855 4051 adstante
877 3998 954 4051 etiem
971 4013 1029 4050 cnm
1046 3997 1167 4068 patribus
1184 3996 1255 4048 Cae·

24 4099 25 4104 ,
140 4080 219 4130 sere,
248 4064 283 4132 (ο
307 4064 504 4136 admirandum,
529 4067 636 4121 Christe
658 4067 708 4136 mi,
732 4067 916 4136 prodigiumi)
942 4066 1132 4120 baereticorum
1150 4065 1255 4135 quidem

141 4132 316 4186 scelestorum
341 4133 410 4188 iiber
436 4135 515 4206 (855)
540 4137 665 4206 martyris
684 4137 819 4207 proiectus
836 4137 870 4189 ad
886 4135 968 4218 pedes
985 4135 1089 4209 fueret3
1120 4141 1149 4189 et
1165 4133 1258 4187 ortho-

140 4202 231 4254 doxae
261 4203 326 4256 fidei
355 4203 471 4258 libellum
500 4206 563 4260 diue
593 4206 648 4259 euie
676 4207 795 4261 menibus
825 4206 937 4259 firmrter
959 4207 1081 4273 tenebat,
1108 4204 1190 4272 idque
1211 4221 1257 4256 re-

141 4270 240 4342 gnanti
259 4289 292 4324 ec
307 4273 476 4344 patriarchae
493 4274 590 4330 obtulit
605 4277 700 4329 dextre
716 4277 750 4329 ed
767 4291 814 4330 eus
829 4280 963 4344 protense.
1003 4291 1034 4328 ro
1053 4273 1220 4327 miraculum!

215 4341 298 4410 (860)
323 4341 391 4402 Poet
412 4343 479 4400 beee
498 4345 595 4416 regine
610 4344 745 4414 derelictie
762 4343 842 4401 terrie
859 4343 972 4399 eedeee
1008 4344 1134 4400 ceeleetee
1150 4339 1257 4396 truneiit
1312 4379 1315 4386 .
