2836 4680
170 250 265 374 310'
581 301 872 424 mauruntus,
907 317 911 326 ¹

271 471 399 560 ηύξησεν
416 467 689 558 {nidummalum
705 474 776 551 τοδς
794 471 895 561 ὅρους,

170 581 253 644 7666
272 580 307 643 ἐκ
320 574 506 663 Βουλγάρων
517 582 572 662 γῆς
579 625 589 656 ,
610 577 762 643 Ἰταλικῶν
776 576 891 644 άστίων

268 682 422 768 Ἰλλυριιύν
433 705 466 745 τε
479 683 530 745 καλ
543 686 706 766 Τριβαλῶν
714 683 835 764 χωρίων
911 689 926 754 .'

272 780 386 866 ταύτην
399 779 536 860 ίιταύξων
547 782 679 871 ιύρύνων
691 780 876 869 μεγαλύνων.

181 901 185 909 ’
274 885 365 971 ἔθηκε
383 888 432 951 καί
447 886 506 972 γδρ
524 883 582 975 ὑφ’
599 883 725 966 ἔαυτόν,
750 883 792 964 ὥς
805 885 887 963 litor,

269 990 393 1076 Ἀχρίδο
408 992 457 1054 καλ
471 991 649 1076 Πρίλατιον,
673 992 864 1074 Πελαγονίαν
907 1007 911 1016 “

173 1095 258 1158 7670
277 1093 333 1159 σύν
348 1103 411 1168 τοῖς
425 1091 510 1179 πέριξ
525 1090 621 1160 ἱίπασι
631 1094 755 1178 χωρίοις
769 1090 889 1169 τάττοις·
933 1089 937 1097 ’
956 1128 962 1139 -

276 1206 383 1282 κρατεῖ
394 1195 570 1272 Θεσσαλίας
583 1221 615 1262 τε
632 1197 688 1262 σὺν
698 1199 816 1286 Ἀχαίᾳ,

276 1301 475 1392 Μακεδονίας
486 1303 536 1364 καὶ
547 1299 659 1388 μέρους
670 1300 750 1376 τινὸς
766 1295 907 1388 Θρηίκης·

277 1403 360 1488 αίρεΐ
370 1402 552 1484 Δαλματίαν
567 1429 599 1469 τε
615 1404 671 1468 σδν
682 1399 868 1490 Ἐπιδάμνῳ,

273 1504 425 1592 Ἰλλυρίδα
440 1509 513 1590 γῆν,
531 1505 695 1588 Ἀλβανούς
706 1502 903 1592 ’ὀριτρύφουα

124 1590 133 1602 ’
177 1609 259 1672 7676
278 1608 350 1695 εύρύ
366 1607 401 1674 δί
414 1609 443 1672 oi
458 1610 563 1692 τίθησι
576 1614 693 1692 μᾶλλον
707 1609 742 1675 τὸ
756 1610 843 1686 κλίος

279 1709 298 1796 ἡ
314 1713 391 1777 κατὰ
404 1710 526 1798 Πίτρου
539 1714 681 1778 Λατίνου
697 1711 823 1797 λαμπρά
838 1713 914 1794 νίκη.

279 1813 420 1903 γαμβρὸς
432 1815 492 1901 γάρ
507 1805 595 1893 οὗτος
609 1819 651 1892 τίς
665 1815 801 1901 ἀδελφὴν
816 1810 983 1900 τυγχάνωνΙ

278 1919 371 2004 Ἔρρῆ
386 1921 578 1986 Βαλδουίνου
590 1943 621 1984 τε
634 1924 695 1984 τῶν
710 1919 871 2001 βασιλέων,

282 2021 358 2104 πρὸς
371 2019 459 2086 πάντα
469 2024 611 2108 χρισθελς
626 2023 667 2098 εἰς
678 2019 851 2108 κρατάρχην
863 2021 1010 2087 Λατίνων

181 2126 266 2190 7680
280 2125 373 2210 Ἔρρῆ
386 2120 536 2202 θανόντος
548 2129 590 2203 εἰς
606 2123 758 2204 Βύζαντος
771 2121 892 2209 ἐστάλη,

284 2231 326 2304 είς
337 2227 538 2310 Ἐπιδαμνίων
554 2229 588 2294 δὲ
601 2225 737 2314 κατάρας
751 2225 838 2292 πόλιν

284 2329 328 2395 δι’
344 2329 500 2412 Ἀλβανῶν
515 2333 641 2398 ἔσπευδε
654 2333 709 2416 τὴν
721 2330 952 2397 Κωνσταντίνον

283 2433 362 2516 μετὰ
379 2441 523 2521 στρατιᾶς
540 2441 722 2516 καταλαβεῖν
738 2431 883 2500 εύύιτλου·

288 2537 366 2602 ἀλλὰ
380 2534 569 2624 προφθάσας
585 2535 747 2626 Θεόδωρος
758 2535 904 2622 γεννάδας

137 2681 141 2696 .
187 2639 270 2704 7686
288 2646 395 2706 τοῦτον
409 2647 574 2727 τροτιούτοι
590 2643 641 2706 καὶ
656 2648 725 2730 νικᾷ
740 2641 818 2706 κατὰ
834 2637 954 2725 κράηος,

181 2781 188 2798 .
268 2737 272 2746 ¹
290 2738 381 2808 αὐτόν
395 2767 427 2808 τε
443 2732 683 2830 adiutaadiuuata
699 2743 773 2818 δούς
787 2741 884 2828 ι’ίρδην
897 2743 988 2829 ξίφει.

289 2845 366 2932 πρὸς
381 2848 483 2912 τοῖσδε
497 2844 674 2934 Δυρράχιον
688 2846 770 2932 αἶριί
782 2844 837 2928 τὴν
850 2841 949 2925 πόλιν,

291 2954 341 3012 καί
353 2951 499 3036 στρατιὰν
512 2951 568 3032 μὲν
580 2952 736 3042 δμτιιμντλρῖ
748 2949 830 3025 λείας
843 2945 972 3025 σκύλακι,

291 3051 383 3128 οὗτὸς
397 3053 431 3116 δὲ
444 3055 597 3135 βασίλειον
612 3053 716 3141 είληφε
729 3051 850 3140 στίφος,

185 3155 275 3221 ’7690
291 3155 413 3241 Πέτρου
427 3153 660 3232 πεσόντος-κατά
674 3152 792 3240 μάχην,
814 3151 856 3233 ὥς
872 3153 960 3246 ἔφην.
1033 3237 1038 3246 .

192 3367 310 3422 maguum
343 3352 539 3424 spatiorumque
568 3352 685 3410 reddidit
695 3355 707 3423 ‚'
738 3353 878 3424 proferena
909 3349 987 3404 huius
1016 3347 1183 3422 dilatamque
1212 3351 1291 3424 linea,

192 3421 289 3490 (7666)
310 3419 534 3492 Dulgarorumque
550 3429 578 3476 at
593 3423 718 3478 Italorum
734 3423 857 3490 urbibua,
882 3417 997 3489 Illyricis
1014 3419 1119 3490 oppidio
1136 3427 1165 3476 et
1181 3423 1290 3477 Tribal-

193 3489 252 3542 licia
275 3490 394 3544 efficiens
417 3492 568 3563 opulentum
593 3502 621 3546 et
645 3493 816 3566 ampliticans.
851 3499 881 3544 ut
904 3491 973 3564 caim
997 3489 1212 3559 paucis-dicam
1238 3494 1291 3546 eibi

193 3558 313 3614 subdidit
327 3561 483 3628 habndum,
500 3561 648 3631 Prilapum,
664 3560 831 3631 Pelagoniam
851 3560 945 3628 (7670)
961 3575 1018 3611 cum
1036 3559 1092 3612 auia
1107 3561 1179 3630 agris
1198 3568 1226 3615 et
1242 3580 1294 3632 op-

213 3627 265 3681 ἰδίε
282 3629 410 3684 finitimis.
444 3629 608 3683 Thessaliam
627 3631 765 3700 occupavit
783 3646 840 3683 cum
855 3629 968 3696 Achaia,
993 3635 1021 3680 et
1037 3627 1217 3684 Macedoniam
1235 3649 1293 3684 σοι

223 3698 489 3770 hraciae'particula3
513 3700 666 3754 Dalmatiam
682 3699 824 3768 acquisivit
837 3715 894 3752 oum
905 3696 1051 3766 Epidauro,
1068 3698 1155 3767 Illyrii
1172 3706 1294 3768 mactum,
1411 3707 1412 3710 ’

197 3767 349 3822 monticolae
366 3767 488 3822 Albanos.
514 3771 594 3836 (7676
626 3771 674 3824 aad
690 3769 756 3822 nihil
771 3769 832 3820 huic
847 3773 947 3822 tantam
963 3765 1073 3834 gloriam
1089 3769 1195 3850 peperit
1210 3786 1296 3838 quan·

198 3842 251 3888 tam
267 3836 343 3890 Petri
358 3836 448 3890 Latini
465 3837 551 3891 clades
565 3839 713 3908 spendida.
730 3839 774 3890 hic
788 3836 852 3906 quia
865 3853 982 3890 sororem
1000 3834 1027 3886 iu
1044 3835 1166 3906 coniugio
1181 3837 1299 3892 habebat

198 3903 289 3957 urrici
316 3911 344 3959 et
368 3905 492 3962 Balduini
521 3906 720 3978 imperatorum,
750 3925 766 3960 a
794 3921 864 3978 papa
888 3913 1030 3958 coronatae
1052 3904 1162 3959 Latinus
1185 3909 1297 3974 Caesar,

200 3973 293 4042 (7680)
316 3974 441 4028 defuncto
461 3975 572 4044 Errico,
595 3977 690 4030 missua
708 3984 749 4030 cat
764 3973 930 4042 Byzantium.
965 3981 1044 4041 atque
1061 3976 1235 4041 Dyrrachium
1250 3977 1298 4032 dc-

198 4040 268 4094 latua
293 4044 327 4096 ad
349 4045 438 4096 urbam
465 4061 524 4098 mou
545 4063 594 4114 par
616 4046 729 4098 Albanae
746 4045 847 4101 itinere
860 4041 977 4113 pedestri
992 4043 1050 4096 ibat
1065 4044 1222 4112 Byzantium
1236 4063 1299 4108 aum

198 4108 328 4164 instructo
349 4113 475 4166 exercitu.
511 4115 559 4167 aed
576 4122 743 4169 antevertens
760 4113 917 4167 Theodorus
933 4119 1055 4165 atuanuua
1079 4113 1175 4182 (7686)
1192 4113 1300 4167 Petrum

198 4175 296 4246 insigni
315 4181 428 4250 perculit
444 4183 572 4252 victoria,
597 4185 681 4254 ipsum
699 4199 755 4236 cam
774 4189 830 4237 toto
848 4180 966 4234 exercitu
982 4180 1093 4234 delevit.
1127 4183 1218 4236 urbem
1235 4183 1300 4252 quin

200 4246 278 4299 otiam
295 4249 385 4302 tenuit
396 4251 585 4320 Dyrrachium,
610 4269 736 4321 auumque
752 4251 852 4322 praeda
867 4249 964 4303 ditavit
981 4249 1134 4303 exercitum.
1168 4251 1230 4321 ipae
1254 4269 1299 4304 ra-

200 4313 285 4381 galem
300 4317 388 4373 induit
406 4337 541 4392 coronam,
567 4323 660 4391 (7690)
677 4322 705 4378 in
723 4323 781 4376 auio
797 4323 893 4388 Petro,
914 4325 943 4374 ut
959 4317 1086 4392 diuinae,
1104 4319 1203 4378 oculeo.
1240 4337 1301 4376 nam
