2838 4684
498 291 555 357 DE
578 291 746 363 uncto
771 295 952 364 ANGELO.

274 458 449 548 ίμφρουρον
466 459 559 526 adsta
575 463 750 554 ἐγκαθιστζλ
760 467 895 552 πατρίδι,
973 541 976 546 Δ

174 566 256 628 5915
275 560 355 646 ἡνίκ’.
373 560 571 647 ἕπωνίμαστο
587 569 636 630 καί
652 564 730 648 μάλ’
748 569 872 648 ίνδίκως

276 663 293 730 ὃ
310 663 557 753 μωροθεόδωρος
572 669 605 732 ίκ
622 675 683 735 τῶν
697 669 895 756 πραγμάτων.

216 803 220 822 1
276 770 354 854 πλὴν
368 771 414 854 μὴ
430 773 574 854 δυνηθείς
588 772 644 857 τὴν
662 777 859 864 Φιλαδέλφου
874 777 961 848 πόλιν

276 871 351 952 riva}
368 871 444 939 ἱλιῖν
459 872 565 951 ὅπλοις
578 901 610 942 τε
625 879 675 940 καὶ
691 882 895 966 στρατηγίαις,

239 1024 240 1030 ι
277 976 353 1063 πρὸς
365 974 567 1059 συμβιβάσεις
579 977 719 1065 διάτορον
732 988 827 1047 πλοῦν
840 981 967 1068 ἐτράπη,

170 1081 260 1149 ,5990
278 1076 319 1156 ὡς
336 1078 374 1144 δν
388 1084 573 1167 Μαγκαφᾶς
586 1082 756 1168 παράσημα
770 1094 824 1151 τοῦ
837 1088 968 1172 κράτους
1070 1137 1072 1140 -

276 1183 372 1270 ῥίψας
386 1184 464 1248 καθ’
484 1180 577 1250 αὑτὸν
592 1186 646 1252 τὸν
658 1189 727 1269 βίον
741 1188 878 1276 διανάτη,

277 1285 342 1370 ἤθη
357 1287 391 1352 δὲ
404 1287 444 1352 τά
456 1290 528 1374 πρὶν
541 1284 661 1371 ἡπόλις
676 1289 816 1379 ἀναλάβῃ

277 1394 328 1455 καί
343 1388 434 1455 πάλιν
448 1388 586 1462 tolosam
601 1394 677 1479 παρ’
697 1387 734 1460 οὗ
750 1399 801 1460 καὶ
817 1393 923 1460 πάλαι.

276 1496 461 1580 Μαγκαφιῖς
478 1487 566 1572 οὗτος
579 1500 741 1583 προσρυεὶς
753 1505 798 1586 τῷ
811 1497 979 1585 σουλτάνιμ,

175 1597 257 1661 5925
278 1594 440 1682 Τσάρκους
451 1623 482 1662 τε
497 1597 602 1680 λαβὼν
615 1599 795 1685 συμμάχους
808 1604 879 1668 κατ’
896 1599 1057 1678 Αὐσόνων,

272 1697 378 1786 χώρας
392 1698 474 1786 ἐπῄει
483 1697 653 1786 ‘Popularia
668 1706 824 1789 ίκτρίβων.
1155 1689 1158 1696 ’

277 1805 396 1881 σταλεὶς
409 1805 442 1868 δὲ
456 1803 512 1870 σδν
522 1800 661 1891 χρήμασι
675 1808 801 1892 πρίσβις
816 1806 983 1898 σουλτάνιρ,

276 1909 327 1970 καὶ
343 1904 429 1972 τάνδε
445 1907 549 1988 λαβὼν
564 1908 740 1976 κατανεύσει
756 1909 934 1988 σουλτάνου,
975 1893 977 1900 ,

276 2008 352 2096 πρδς
364 2013 510 2090 βασιλίδα
525 2000 579 2094 τὴν
592 2011 680 2078 πόλιν
694 2013 849 2100 ἀναφέρει,

173 2113 259 2179 5930
277 2116 328 2178 καί
346 2109 444 2196 δεσμά
458 2117 509 2178 καὶ
523 2113 681 2201 κάθιιρξιν
698 2117 815 2202 ἄληκτα
833 2119 927 2203 (piper.
1001 2157 1005 2166 ·

275 2221 327 2280 καὶ
341 2224 430 2283 τοῦτο
446 2214 603 2303 παρώξυνε
619 2219 751 2285 σουλτδν
765 2219 928 2304 συγγόνους
978 2218 981 2230 ’

276 2320 354 2404 πρὸς
369 2320 425 2403 τὴν
438 2321 507 2386 κατ’
527 2321 622 2387 αὐτοῦ
638 2326 689 2388 καὶ
702 2321 806 2407 μάχην
819 2327 870 2390 καί
884 2328 1004 2409 μανίαν,

276 2421 412 2508 ἔγκλημά
427 2423 456 2487 oi
470 2425 619 2512 φίρσντας
633 2427 742 2492 ἀδίκου
759 2429 844 2510 δίκης

277 2524 500 2612 καταπροδόντι
514 2525 678 2616 πράσφυγα
693 2528 801 2616 δώρων
810 2528 912 2614 χάριν.

174 2631 257 2699 5935
276 2633 327 2694 καὶ
343 2628 413 2714 τάχ’
432 2628 469 2695 dv
484 2628 638 2714 ἠμί-νοντα
654 2639 763 2699 τοῦτον
775 2644 839 2717 τρίς
852 2634 966 2710 ὅπλοις,

277 2736 303 2798 α’
316 2732 360 2817 μὴ
376 2735 474 2810 τιθείς
488 2731 644 2822 πρόφασιν
659 2735 782 2823 εάλογσν
796 2735 878 2819 τάχα

274 2834 406 2924 ἴφασκιν
419 2836 511 2904 αὐτὸν
524 2838 693 2905 ἀποδοῦναι
706 2845 830 2925 πατρίδι
871 2885 881 2904 -.

275 2939 326 3003 ἐπ’
345 2938 498 3032 ἀσφαλείᾳ
510 2937 588 3025 μήτε
600 2949 707 3009 θανεῖν
720 2945 796 3027 μηδ’
812 2942 891 3016 ὅλως

275 3042 348 3126 μήτ’
369 3047 410 3120 οἷς
425 3046 521 3130 δέμας
532 3072 561 3112 τι
574 3053 634 3112 τῶν
647 3054 749 3112 κακῶν
760 3045 954 3114 πεπονθίναι.

335 3205 402 3260 ⁵921
419 3202 472 3260 τὸν
489 3224 529 3260 orn
546 3203 573 3258 V
594 3225 598 3244 ¹

169 3342 259 3412 patria
275 3341 404 3396 conclusit
418 3342 558 3409 rebellem,
587 3343 682 3411 (5915)
700 3343 745 3413 qui
762 3352 829 3396 tnnc
841 3341 962 3396 idoneum
980 3347 1073 3395 nactus
1091 3347 1132 3395 est
1148 3359 1274 3411 agnomen

170 3413 257 3465 dictus
282 3413 316 3465 ab
339 3412 407 3466 actis
430 3414 518 3466 fatuus
536 3411 703 3466 Theodorus.
739 3430 795 3464 oum
811 3410 979 3482 Philadelphi
994 3421 1079 3464 tamen
1096 3411 1165 3466 baud
1184 3427 1274 3482 posset

170 3481 262 3534 urbani
278 3499 373 3550 capere
391 3481 537 3534 Caeserni
555 3483 703 3551 peritiaque
723 3482 828 3546 bellica,
854 3483 925 3550 quod
944 3481 995 3534 luit
1011 3481 1155 3550 reliquum,
1180 3483 1271 3534 eondi-

169 3552 260 3603 ciones
284 3549 393 3614 obtulit3
420 3552 516 3619 (5920)
539 3561 568 3604 ut
591 3551 719 3620 depositis
742 3551 845 3620 imperii
868 3550 1016 3618 insignibus
1039 3553 1167 3621 privatam
1191 3553 1271 3606 vitam

170 3620 332 3688 Mancepbas
357 3622 492 3688 exigeret,
527 3623 590 3673 urbs
614 3630 699 3674 autem
726 3630 842 3673 veterem
867 3621 984 3674 ordinem
1009 3621 1158 3690 reciperet,
1188 3637 1272 3689 seque

170 3687 253 3760 priori
277 3687 383 3742 domino
406 3689 580 3742 submitteret.
617 3689 776 3760 Mancapbas
798 3699 884 3744 tamen
904 3688 1056 3757 profugiens
1073 3691 1107 3743 ad
1125 3688 1271 3758 sultanum,

169 3759 265 3826 (5925)
290 3758 387 3812 Tuscis
412 3759 551 3826 assumptis
574 3777 660 3812 secum
683 3758 869 3826 auxiliaribus,
895 3758 1006 3812 Romani
1024 3758 1127 3826 imperii
1145 3757 1211 3810 fines
1228 3759 1270 3812 in-

169 3829 302 3880 cursabat.
337 3829 431 3881 missus
455 3845 513 3880 cunr
534 3827 611 3880 donis
628 3828 728 3898 legatus
745 3829 778 3881 ad
796 3828 932 3881 sutanum
949 3827 1122 3897 Mancapham
1139 3837 1271 3887 annuente

168 3897 274 3950 reduxit
290 3897 400 3950 Sultano
418 3897 517 3964 regiam
535 3899 568 3950 ad
586 3899 692 3964 urbem,
720 3898 811 3965 ibique
829 3899 929 3950 Caesar
946 3896 1040 3949 vinclis
1062 3898 1155 3962 l5930)
1173 3915 1269 3966 perpe·

168 3975 266 4033 tuoque
281 3965 351 4018 illum
370 3965 472 4018 addixit
487 3967 597 4022 carceri.
634 3966 740 4036 cognitu
757 3983 800 4018 res
817 3966 921 4020 Sultani
937 3967 1041 4020 exacuit
1055 3967 1151 4020 iratres
1167 3967 1198 4017 ad
1215 3966 1271 4020 ira-

168 4035 288 4089 cundiam
306 4035 439 4105 plurimam
455 4044 535 4102 atqne
552 4035 585 4087 ad
603 4051 683 4104 erma,
700 4035 838 4104 perfidiam
852 4035 1020 4088 criminantes
1034 4035 1104 4104 quod
1118 4036 1272 4105 prodiderat

167 4121 301 4158 munerum
318 4104 405 4172 gratia
421 4106 584 4172 transfugam
601 4104 654 4158 sibi
670 4105 823 4175 supplicem.
860 4105 957 4172 (5935)
984 4105 1086 4174 iamque
1108 4105 1187 4157 armis
1209 4104 1273 4158 Sul-

167 4183 256 4232 tanum
279 4174 432 4240 aggressuri
456 4183 546 4239 erant,
576 4173 628 4227 nisi
650 4174 694 4228 hic
717 4173 845 4245 speciosis
863 4191 917 4226 rem
936 4184 1077 4242 purgasset
1099 4174 1204 4226 verbis:
1234 4175 1273 4228 ait

165 4242 235 4296 enim
253 4243 382 4294 bominem
397 4259 414 4294 a
430 4259 460 4295 se
477 4243 580 4313 patriae
595 4243 726 4299 redditum
742 4243 795 4298 lide
809 4243 976 4314 interposita,
993 4260 1027 4296 ne
1042 4253 1189 4298 moreretur
1203 4261 1272 4296 neve
1366 4257 1368 4260 ·

166 4312 231 4382 quid
249 4311 310 4366 mali
325 4319 462 4382 patoretur
477 4329 599 4384 corpora.
