2834 4680
410 304 468 370 nn
494 285 621 372 mann
644 304 702 370 ιιι
725 303 986 374 memnone.
1020 313 1027 338 ·

248 479 298 542 καὶ
313 473 626 562 contranitentem·
643 473 685 555 ὡς
697 474 774 565 έφην
788 475 862 558 iiam,

238 581 412 648 Ικάντεῦθεν
427 573 523 663 ἦρξαν
538 587 594 664 τῆς
611 577 683 663 ὅλης
695 581 834 658 Ἰταλίας.

246 681 409 768 Κίρουλος
423 675 511 761 οὗτος
525 684 669 761 ἀξιωθείς
680 691 735 749 τοῦ
748 686 879 773 στέφους

146 790 229 855 1965
247 785 357 853 {teate
374 789 514 874 πρέσβεις
528 786 605 874 πρὸς
618 793 790 871 κρατοῦσαν
803 784 947 876 Είρήνην,

246 886 365 976 γάμους
379 889 478 978 ἑαυτῷ
491 889 650 974 μνώμενος
663 893 832 972 βασιλίδος,

248 999 299 1060 καὶ
315 997 387 1080 τῇδε
403 993 495 1077 τυχὸν
510 995 687 1082 στερκτέους
702 993 885 1081 πεφηνότος.

249 1100 300 1164 καὶ
317 1096 390 1182 τάχ’
410 1097 447 1164 ι’ίν
463 1090 516 1182 ἧκε
532 1096 610 1184 πρὸς
625 1099 720 1184 πέρας
733 1100 772 1163 τὰ
786 1106 846 1166 ττῦν
858 1095 975 1184 γάμων,

251 1203 276 1266 εἲ
289 1203 332 1285 μὴ
347 1201 424 1286 μέγα
438 1227 483 1278 τις
496 1203 527 1266 ἓν
540 1203 705 1284 βασιλείοις
717 1201 853 1282 σπίῦιον,

149 1308 233 1373 1970
251 1295 530 1393 ᾧτἰλησιςἈέτιος,
550 1304 662 1390 ἰσχίων
676 1301 754 1383 τότε,

250 1410 343 1491 κῆῦος
357 1409 392 1474 τὸ
409 1409 485 1493 πρὸς
501 1408 664 1494 Κάρουλον
680 1399 784 1492 ἴσχυσε
799 1404 919 1488 σβέσαι,

251 1509 351 1576 πάντα
368 1510 492 1595 κινήσας
507 1515 613 1590 λίθον,
638 1507 680 1590 ὡς
694 1512 855 1598 παροιμία,

250 1621 295 1702 τῷ
309 1626 483 1702 παρενεῖραι
497 1622 534 1704 τῇ
548 1619 717 1706 κραταρχιήι
729 1616 833 1681 θέλειν
932 1683 938 1693 ,

248 1719 374 1785 Λέοντα
388 1722 566 1804 κασίγνητον
580 1718 710 1786 ἄνευθεν
724 1717 836 1814 φόβου.

359 1871 558 1951 Νικηφόροςῦ
575 1871 683 1950 pectinis
701 1877 747 1950 ἔτη
765 1879 806 1951 θ’,
840 1875 929 1951 ἕτεροι
950 1873 980 1936 δὲ
997 1877 1034 1950 η’.

150 1991 231 2063 1975
244 1989 341 2058 Ὅθεν
358 1997 481 2076 βασιλὶς
495 2001 558 2071 τοῖς
572 1993 655 2072 ὅλοις
667 1994 835 2079 μισουμένη

251 2096 396 2163 ἴκτιτωσιν
412 2093 550 2179 ῦιιέμεινε
566 2104 621 2182 τῆς
635 2099 814 2184 μοναρχίας,

252 2199 346 2266 ῦίλλου
362 2200 648 2290 παρεισφρήσαντος
664 2202 742 2286 αὐτῇ
757 2201 813 2268 σῦν
828 2197 920 2292 ῦῦληι,

251 2309 308 2368 τοῦ
322 2307 489 2390 λοχοθέτου
504 2311 622 2390 χενικοῦ
636 2301 841 2390 Νικηφόρον,

251 2406 363 2494 ἀνδρὸς
376 2415 507 2494 μιαροῦ,
534 2406 709 2492 κακοήθους
721 2407 793 2484 τοῦς
806 2404 947 2496 τρόπους,

152 2517 234 2582 1980
250 2509 496 2599 ε’ρασιχρημιίτου
512 2537 543 2578 τε
560 2514 609 2576 καὶ
624 2507 825 2599 φιλαρηῦρον,

252 2612 352 2698 πάσης
368 2619 491 2697 ταμείου
506 2617 613 2693 κακίας
624 2615 801 2699 ἀπληστίας,

251 2715 382 2804 έφσρκσν
398 2719 543 2801 ἀβέβαιον
561 2719 726 2804 αῦχοῦντος
741 2717 864 2805 τρόπον.

144 2833 148 2841 ’
252 2812 341 2897 οῦτος
355 2821 454 2903 τεμιῖιν
470 2821 558 2910 ὅρκια
572 2830 611 2908 τῇ
627 2823 763 2905 βασιλίῦι

254 2925 346 3008 δῆλον
358 2929 478 3012 τεθείσῃ
488 2925 657 3012 χρημάτων
670 2922 857 3012 ιλιισκρῦφων
966 2947 969 2957 “

315 3129 378 3190 poet
399 3137 427 3173 ν.
450 3119 517 3174 1974
535 3121 619 3174 codex
636 3121 760 3174 mendose
776 3117 857 3176 habet
874 3119 900 3176 in
919 3121 995 3177 titnio
1013 3125 1145 3182 rubricato
1165 3122 1182 3182 ιλ
1201 3131 1252 3184 τοῦ

316 3190 445 3242 Γτνικοῦ.
480 3191 529 3244 sed
546 3193 698 3244 emendetur
715 3209 732 3244 e
747 3199 821 3244 textu
838 3193 957 3252 mendum
974 3196 1108 3266 marginis.
1126 3199 1166 3252 Μ.

154 3359 249 3414 Cereio
265 3367 407 3429 coronate,
433 3369 462 3416 nt
478 3359 549 3430 dixi,
571 3360 693 3432 excepit3
717 3361 764 3430 qui
779 3359 820 3414 εἰσ
837 3362 918 3418 totius
935 3364 1030 3419 Italiae
1046 3379 1189 3424 evaserunt
1205 3373 1254 3424 do·

151 3430 224 3486 mini.
262 3431 373 3484 Carolus
399 3439 461 3498 poet
483 3439 616 3502 receptam
639 3448 761 3485 ceronam
780 3431 877 3500 regiam
901 3436 995 3502 (1965)
1012 3435 1113 3504 legatos
1132 3439 1204 3492 misit
1221 3441 1255 3494 ed

150 3499 253 3552 Irenem
270 3501 425 3620 principem,
441 3509 471 3554 ut
487 3495 538 3554 eibi
555 3501 708 3554 conciliarat
725 3501 841 3554 eiusdem
858 3504 980 3572 nuptiae;
999 3523 1125 3573 quaeres
1141 3507 1193 3576 ipei
1210 3527 1250 3562 re-

150 3569 230 3637 ginae
245 3570 323 3622 valde
340 3571 447 3638 pecuit.
482 3578 510 3624 et
525 3571 634 3640 nuptiae
651 3571 756 3640 quidem
772 3571 886 3624 sonasse
902 3576 1069 3642 peragendae
1087 3586 1175 3644 erant,
1202 3577 1255 3632 nisi

151 3639 179 3690 in
202 3636 262 3692 aula
285 3639 369 3708 regali
394 3640 476 3708 spado
500 3641 622 3708 quidem,
651 3641 749 3707 (1970)
772 3642 876 3694 nomine
898 3643 1008 3710 Aietius,
1033 3652 1096 3698 tunc
1114 3646 1256 3716 praecipue

149 3719 328 3779 praepotens,
345 3708 501 3762 eiiinitetem
519 3710 610 3762 Caroli
624 3708 807 3779 impedivisset
824 3727 942 3780 omnem,
958 3721 987 3765 ut
1003 3715 1086 3766 estin
1103 3717 1255 3786 proverbio,

150 3794 259 3840 movens
275 3776 406 3846 lapidem
425 3796 518 3847 nempe
535 3787 566 3833 nt
581 3779 663 3832 tatiue
680 3779 796 3832 Leonem
813 3779 922 3834 fratrem
938 3798 1022 3851 enum,
1040 3786 1110 3852 quod
1127 3785 1180 3861 ipsi
1198 3794 1257 3844 eret

149 3845 178 3900 in
194 3847 283 3916 vctia,
300 3847 412 3918 imperio
429 3849 592 3902 obtruderet.

289 3965 458 4036 Nicephorum
475 3967 614 4038 gencrale}
631 3983 677 4020 an.
695 3967 721 4035 9,
741 3967 782 4020 vel
799 3973 832 4021 att
849 3968 899 4021 alit
914 3967 1006 4038 aiunt,
1026 3987 1073 4026 an.
1092 3975 1117 4028 8.

221 4053 320 4120 (1975)
347 4053 421 4122 Ergo
443 4054 536 4122 regina
557 4053 635 4107 irene
652 4053 739 4106 invisa
755 4055 874 4108 omnibus
890 4055 1057 4109 amissionem,
1072 4057 1176 4127 imperii
1193 4076 1256 4128 per·
1306 4065 1309 4072 '

150 4137 232 4190 peaea
249 4132 307 4186 eet,
334 4121 386 4174 elie
403 4140 452 4192 per
469 4124 588 4176 fraudem
605 4131 750 4192 occupante
767 4132 913 4192 sceptrum,
935 4125 1052 4192 generali
1069 4144 1163 4196 nempe
1181 4127 1255 4195 ioge-

150 4191 224 4244 theta
243 4189 411 4263 Nicepitoro,
431 4192 488 4246 viro
504 4193 633 4259 nefando,
649 4192 771 4261 praedito
785 4191 858 4244 malie
872 4192 1001 4262 moribus,
1021 4198 1115 4264 (1980)
1127 4197 1256 4266 pecuniae

153 4260 249 4330 cupida
274 4267 355 4328 atque
378 4279 454 4331 epam
477 4261 593 4327 amasio,
619 4261 690 4314 omni
706 4259 806 4314 malitia
824 4261 917 4330 pleno,
942 4263 1112 4333 avarissimo,
1138 4265 1256 4321 instabili

153 4330 314 4400 periuroque
337 4339 365 4385 et
387 4341 473 4385 mente
496 4342 524 4386 et
544 4331 644 4401 lingua.
678 4329 722 4384 hic
745 4330 860 4400 obligata
880 4331 1042 4402 imperatrici
1059 4334 1112 4390 tide
1129 4352 1195 4406 opes
1211 4353 1255 4388 ιε-
