2834 4680
300 305 358 370 DE
384 301 634 371 THEOPfflLo
659 299 883 368 muninus
908 301 1034 370 FILIO.

129 484 214 546 2360
232 475 253 564 ἦ
270 477 301 544 δ’
319 467 358 561 ἦν
373 475 523 562 σοφιστὴν
540 473 689 541 διπατῶσα
705 475 822 552 κακίας,

231 581 288 659 τὰς
301 581 333 646 dv
345 577 525 666 κατόπτροις
540 577 688 666 ἐμφάσεις
701 574 830 664 λέγουσά
844 599 910 652 πως

233 690 358 773 μορφῆς
373 685 448 766 έμῆς
462 686 535 748 ἰδεῖν
547 709 578 748 τε
591 679 710 771 φράσαι
725 682 812 746 νινιά.

233 787 314 855 οὕτω
330 793 437 871 θυμοῦ
451 787 608 868 σβέννυσιν
624 789 750 852 εἰποῦσα
765 782 875 872 φλόγα.

299 881 397 967 Οὗτος
409 890 554 973 βασιλεὺς
570 887 723 977 Θεόφιλος
737 884 881 965 πολλάκις

132 989 215 1060 2365
234 995 285 1059 καὶ
302 994 346 1060 δι’
363 991 472 1060 ἑαυτοῦ
485 995 535 1058 καὶ
551 1000 727 1080 στρατηγῶν
741 989 903 1078 ταγμάτων

234 1094 335 1163 άλλων
351 1123 383 1163 τε
399 1103 519 1164 πολλῶν
535 1097 685 1183 ἀνδρικῶν
700 1097 876 1184 εδκαρδίων,

233 1201 389 1285 Mavortii
405 1201 435 1265 δ’
450 1201 506 1286 οὐχ
518 1199 627 1284 ἣκιστα
639 1204 690 1265 καὶ
706 1197 882 1286 Θιοφόβου,

232 1302 336 1387 μάχας
351 1301 536 1389 κατώρθου,
563 1303 706 1370 κτιννόων
722 1301 923 1380 ἀντιπάλους·

232 1405 327 1492 ἤστην
342 1408 400 1495 γάρ
416 1407 511 1498 άμφω
527 1409 615 1486 δεξιὼ
628 1407 776 1496 ῥωμαλέοι

134 1510 218 1574 2870
233 1514 285 1576 καὶ
299 1517 360 1578 τῶν
373 1513 451 1578 κατὰ
466 1519 548 1600 σφᾶς
561 1512 682 1588 οὐδενὸς
694 1509 876 1594 λελειμμένω

234 1614 406 1701 εὐανδρίαις
421 1641 451 1680 τε
468 1618 519 1679 καὶ
534 1621 641 1691 καλαῖς
656 1618 860 1701 στρατηγίαις.

234 1721 286 1783 καὶ
301 1729 389 1807 χεῖρα
405 1719 436 1783 δ’
455 1715 511 1802 εἶχε
528 1717 704 1806 φιλότιμον,
730 1717 889 1793 πλουσίαν,

236 1819 436 1910 εόεργιτικήν,
461 1822 634 1910 φιλόδωρον
647 1827 689 1900 είς
702 1820 808 1899 ὅλους·

234 1925 309 1991 ὅθεν
324 1931 435 2003 ξενῶνα
449 1929 500 1990 καὶ
514 1926 637 2014 φαεινόν
652 1929 701 1991 καὶ
714 1927 810 2010 μέγαν

133 2028 215 2094 2375
234 2032 277 2106 είς
289 2027 455 2113 ἅνάπαυμα
469 2037 530 2096 τῶν
544 2030 636 2108 ξένων
651 2029 820 2117 ἀπαρτίσας

234 2137 341 2217 κλῆσιν
354 2131 465 2199 ἑαυτοῦ
479 2140 523 2220 τῷ
536 2132 689 2218 δομήματι
703 2133 795 2216 νέμει,

235 2233 316 2304 οίκον
332 2243 481 2322 γυναικῶν
498 2237 572 2302 ὄντα
586 2237 621 2303 τὸ
637 2239 707 2322 πρὶν
721 2237 868 2317 άσέμνων.

233 2337 344 2424 ἥττητο
362 2341 391 2405 δ’
408 2341 496 2406 οὐδέν
512 2340 700 2428 ἀφροδισίων
715 2337 849 2428 σφόδρα,

234 2451 273 2530 τῇ
287 2442 471 2531 σωφροοόνη
486 2444 696 2528 προστετηκὼς
708 2441 850 2521 ἐκτόπως.

133 2547 217 2612 2380
230 2546 350 2636 Ἀλεξίφ
367 2549 400 2612 δὲ
415 2555 458 2635 τῷ
471 2549 611 2632 Meropis*
625 2547 798 2630 τοδπίκλην,

175 2677 177 2684 ·
234 2652 267 2728 i}
277 2651 439 2737 Ἀρμενίων
454 2653 613 2736 Κρηνιτῶν
628 2657 771 2736 λαμπροῦ
784 2650 898 2736 γένους,

235 2754 325 2841 ἀνδρὶ
339 2763 497 2842 στρατηγῷ
511 2754 640 2846 γεννάδρ
652 2756 811 2846 ῥωμαλέῳ,
916 2803 920 2818 .

234 2857 312 2941 μετὰ
324 2861 459 2944 χαρίτων
473 2857 547 2942 όψιν
559 2859 760 2946 η’γλαϊσμίνῳ,

233 2965 367 3047 Μαρίαν
381 2959 526 3050 συνῴκισε
540 2964 595 3047 τὴν
609 2963 783 3047 θυγατέρα,

133 3062 216 3130 2385
234 3063 366 3150 τιμήσας
381 3066 474 3132 αὐτόν
489 3065 558 3157 άξίφ
572 3072 611 3155 τῇ
622 3063 801 3153 Καισάρων,

132 3362 230 3429 (2360)
245 3361 305 3430 ipsa
321 3361 501 3416 cavillatorem
514 3363 649 3434 decipiens
665 3362 826 3433 improbum,
846 3363 888 3417 ait'
900 3380 931 3418 se
944 3362 974 3416 in
990 3361 1097 3432 opsonio
1116 3363 1232 3416 euntem-

29 3483 30 3500 η
132 3431 246 3514 pleptem
261 3440 382 3516 spectra,
406 3434 514 3486 formem
529 3450 603 3488 suam
620 3433 767 3504 appeiiasse
780 3449 909 3504 pupsnnn
924 3433 1039 3488 nomine.
1073 3433 1113 3486 sie
1129 3432 1234 3486 elocuta

29 3511 30 3536 λ
132 3509 204 3568 regit
220 3509 348 3554 exstruxit
362 3519 437 3554 iram.

202 3569 263 3622 Rex
292 3569 336 3621 hic
362 3569 525 3640 Theophilus
556 3587 745 3642 saepenumero
774 3570 867 3640 (236⁵)
892 3575 948 3624 turn
970 3587 1020 3641 per
1044 3589 1074 3624 se
1097 3572 1157 3642 ipse
1177 3577 1232 3625 tnm

131 3654 181 3758 per
202 3641 284 3692 duces
307 3637 432 3724 bellicos,
454 3657 520 3708 qnos
542 3641 636 3696 multoe
655 3639 747 3726 habuit
767 3639 832 3694 forti
851 3640 935 3724 animo
954 3640 1103 3724 praeditos,
1120 3639 1231 3694 Manua-

142 3725 181 3759 em
206 3719 362 3778 praesertim
384 3729 416 3763 ae
440 3711 647 3780 Theophobum‚
676 3711 792 3766 iehmter
811 3710 919 3765 bellavit
934 3727 991 3762 eum
1010 3709 1120 3762 hostium
1139 3709 1231 3764 caede.

30 3789 31 3814 ι
133 3779 209 3830 arubo
235 3777 304 3832 enim
328 3789 404 3834 erant
425 3781 512 3833 dextri
538 3781 689 3851 fortesque,
721 3782 813 3847 (2370)
841 3779 991 3850 neminique
1015 3781 1143 3832 cedebant
1169 3795 1230 3832 suo-

132 3863 189 3900 rum
213 3853 358 3917 temporum
384 3849 539 3903 strenuitate
557 3851 600 3905 vel
622 3860 677 3904 arte
692 3849 870 3922 imperatoria.
904 3849 964 3920 ipse
983 3848 1146 3920 Theophilus
1164 3849 1233 3902 iibe-

132 3915 211 3969 raiem
229 3933 330 3970 menum
347 3919 546 3988 munificumque
564 3921 682 3974 omnibns
698 3920 861 3989 porrigebat.
895 3936 978 3988 quare
996 3917 1074 3972 etiam
1091 3918 1232 4002 hospitium

30 4029 31 4038 ,
133 3985 296 4054 splendidum
318 4005 436 4055 magnum
460 3990 555 4056 (2375)
571 3991 604 4042 ad
623 3989 776 4060 peregrinos
793 3985 963 4057 excipiendos
982 3997 1120 4041 exstruens
1136 3995 1233 4041 suimet

132 4054 256 4110 aedificio
278 4073 372 4109 nomen
388 4058 498 4125 indidit,
523 4059 593 4126 quod
611 4067 688 4112 auten
703 4059 793 4111 inerat
808 4065 953 4111 scortorum
970 4056 1088 4122 instrum.
1124 4077 1174 4111 neo
1192 4057 1232 4110 rei

30 4131 31 4170 i
132 4141 262 4177 aenaeae
292 4143 399 4194 prorsus
428 4137 485 4180 erat
513 4128 656 4196 obnoxius,
687 4131 735 4181 sed
764 4126 933 4181 castimoniae
962 4128 1087 4181 studebat
1112 4128 1232 4180 mirifice·

133 4193 226 4262 (tuto)
252 4193 345 4247 Alexio
369 4205 454 4249 nutem
480 4205 652 4264 cognomento
675 4197 786 4262 ΜοεοΙῑ,
815 4214 848 4249 ex
872 4195 1050 4250 Armeniorum
1073 4197 1233 4252 Crinitarum

133 4261 205 4316 nisro
220 4281 335 4332 genere,
354 4275 462 4319 strenuo
478 4266 536 4318 viro
553 4277 579 4317 et
596 4266 657 4318 duni
673 4265 835 4336 magnanimo
852 4273 879 4318 et
895 4266 1039 4336 venustate
1049 4267 1137 4320 vuitus
1155 4283 1233 4321 exor-

134 4341 211 4402 nato,
235 4333 346 4389 Marium
364 4335 442 4388 filiam
461 4335 559 4406 nuptiis
576 4337 726 4407 copulavit,
744 4333 838 4405 (2385)
855 4333 944 4388 addito
961 4333 1061 4390 honore
1077 4336 1147 4392 tituli
1163 4337 1233 4389 Cae·
