<?xml version="1.0" encoding="UTF-8"?>
<!DOCTYPE html PUBLIC "-//W3C//DTD XHTML 1.0 Transitional//EN"
    "http://www.w3.org/TR/xhtml1/DTD/xhtml1-transitional.dtd">
<html xmlns="http://www.w3.org/1999/xhtml" xml:lang="en" lang="en">
 <head>
  <title>
</title>
<meta http-equiv="Content-Type" content="text/html;charset=utf-8" />
  <meta name='ocr-system' content='tesseract 3.04.00' />
  <meta name='ocr-capabilities' content='ocr_page ocr_carea ocr_par ocr_line ocrx_word'/>
</head>
<body>
  <div class='ocr_page' id='page_1' title='image "./ephraemius00ephrgoog/ephraemius00ephrgoog_0013.png"; bbox 0 0 2802 4688; ppageno 0'>
   <div class='ocr_carea' id='block_1_1' title="bbox 599 327 1274 414">
    <p class='ocr_par' dir='ltr' id='par_1_1' title="bbox 599 327 1274 414">
     <span class='ocr_line' id='line_1_1' title="bbox 599 327 1274 414; baseline 0.01 -18"><span class='ocrx_word' id='word_1_1' title='bbox 599 327 845 400; x_wconf 82' lang='lat' dir='ltr'><strong>PRAEFATIO.</strong></span> <span class='ocrx_word' id='word_1_2' title='bbox 1250 345 1274 414; x_wconf 83' lang='lat'>5</span> 
     </span>
    </p>
   </div>
   <div class='ocr_carea' id='block_1_2' title="bbox 157 487 1335 3812">
    <p class='ocr_par' dir='ltr' id='par_1_2' title="bbox 157 487 1335 3812">
     <span class='ocr_line' id='line_1_2' title="bbox 165 487 1272 588; baseline 0.02 -39"><span class='ocrx_word' id='word_1_3' title='bbox 165 507 237 551; x_wconf 86' lang='lat' dir='ltr'>cano</span> <span class='ocrx_word' id='word_1_4' title='bbox 265 487 556 574; x_wconf 77' lang='lat' dir='ltr'>nemcaEphraemii</span> <span class='ocrx_word' id='word_1_5' title='bbox 584 513 639 559; x_wconf 78' lang='lat' dir='ltr'>son</span> <span class='ocrx_word' id='word_1_6' title='bbox 666 493 786 582; x_wconf 60' lang='lat' dir='ltr'>largitum</span> <span class='ocrx_word' id='word_1_7' title='bbox 818 519 909 582; x_wconf 87' lang='lat' dir='ltr'>usqua</span> <span class='ocrx_word' id='word_1_8' title='bbox 934 499 963 564; x_wconf 93' lang='lat' dir='ltr'>id</span> <span class='ocrx_word' id='word_1_9' title='bbox 987 521 1045 588; x_wconf 82' lang='lat' dir='ltr'>ego</span> <span class='ocrx_word' id='word_1_10' title='bbox 1068 501 1272 583; x_wconf 78' lang='lat' dir='ltr'>divinauissem</span> 
     </span>
     <span class='ocr_line' id='line_1_3' title="bbox 165 604 1272 706; baseline 0.02 -39"><span class='ocrx_word' id='word_1_11' title='bbox 165 604 219 668; x_wconf 86' lang='lat' dir='ltr'>uisi</span> <span class='ocrx_word' id='word_1_12' title='bbox 241 617 403 691; x_wconf 80' lang='lat' dir='ltr'>comparato</span> <span class='ocrx_word' id='word_1_13' title='bbox 425 608 528 675; x_wconf 87' lang='lat' dir='ltr'>codice</span> <span class='ocrx_word' id='word_1_14' title='bbox 541 633 600 676; x_wconf 86' lang='lat' dir='ltr'>com</span> <span class='ocrx_word' id='word_1_15' title='bbox 617 614 735 680; x_wconf 87' lang='lat' dir='ltr'>laudatis</span> <span class='ocrx_word' id='word_1_16' title='bbox 750 616 789 680; x_wconf 82' lang='lat' dir='ltr'>ah</span> <span class='ocrx_word' id='word_1_17' title='bbox 807 615 911 682; x_wconf 84' lang='lat' dir='ltr'>Aliati&#39;o</span> <span class='ocrx_word' id='word_1_18' title='bbox 929 616 1090 706; x_wconf 77' lang='lat' dir='ltr'><strong>fragmentis</strong></span> <span class='ocrx_word' id='word_1_19' title='bbox 1108 621 1177 689; x_wconf 90' lang='lat' dir='ltr'>mihi</span> <span class='ocrx_word' id='word_1_20' title='bbox 1194 624 1272 689; x_wconf 88' lang='lat' dir='ltr'>inno·</span> 
     </span>
     <span class='ocr_line' id='line_1_4' title="bbox 164 723 1272 826; baseline 0.019 -40"><span class='ocrx_word' id='word_1_21' title='bbox 164 723 270 788; x_wconf 74' lang='lat' dir='ltr'>inisset</span> <span class='ocrx_word' id='word_1_22' title='bbox 309 738 441 810; x_wconf 83' lang='lat' dir='ltr'>&#39;superest</span> <span class='ocrx_word' id='word_1_23' title='bbox 465 751 540 824; x_wconf 76' lang='lat' dir='ltr'>engo</span> <span class='ocrx_word' id='word_1_24' title='bbox 563 745 591 796; x_wconf 87' lang='lat' dir='ltr'>nt</span> <span class='ocrx_word' id='word_1_25' title='bbox 615 732 736 798; x_wconf 75' lang='lat' dir='ltr'>Alterius</span> <span class='ocrx_word' id='word_1_26' title='bbox 750 737 797 800; x_wconf 85' lang='lat' dir='ltr'>vel</span> <span class='ocrx_word' id='word_1_27' title='bbox 814 739 897 804; x_wconf 83' lang='lat' dir='ltr'>adium</span> <span class='ocrx_word' id='word_1_28' title='bbox 914 739 1040 806; x_wconf 84' lang='lat' dir='ltr'>codicem</span> <span class='ocrx_word' id='word_1_29' title='bbox 1057 753 1128 826; x_wconf 74' lang='lat' dir='ltr'>prae</span> <span class='ocrx_word' id='word_1_30' title='bbox 1145 743 1272 808; x_wconf 81' lang='lat' dir='ltr'>manibus</span> 
     </span>
     <span class='ocr_line' id='line_1_5' title="bbox 165 831 1271 948; baseline 0.022 -43"><span class='ocrx_word' id='word_1_31' title='bbox 165 839 312 918; x_wconf 84' lang='lat' dir='ltr'>hahuerit,</span> <span class='ocrx_word' id='word_1_32' title='bbox 338 847 391 912; x_wconf 87' lang='lat' dir='ltr'>-vei</span> <span class='ocrx_word' id='word_1_33' title='bbox 418 860 497 914; x_wconf 84' lang='lat' dir='ltr'>certe</span> <span class='ocrx_word' id='word_1_34' title='bbox 521 849 682 919; x_wconf 76' lang='lat' dir='ltr'><strong>Vaticanum</strong></span> <span class='ocrx_word' id='word_1_35' title='bbox 704 857 823 923; x_wconf 88' lang='lat' dir='ltr'>nondum</span> <span class='ocrx_word' id='word_1_36' title='bbox 841 856 958 924; x_wconf 84' lang='lat' dir='ltr'>sortasse</span> <span class='ocrx_word' id='word_1_37' title='bbox 975 871 1031 928; x_wconf 89' lang='lat' dir='ltr'>tum</span> <span class='ocrx_word' id='word_1_38' title='bbox 1049 831 1212 948; x_wconf 85' lang='lat' dir='ltr'>acephalum</span> <span class='ocrx_word' id='word_1_39' title='bbox 1229 860 1271 928; x_wconf 73' lang='lat' dir='ltr'>ta</span> 
     </span>
     <span class='ocr_line' id='line_1_6' title="bbox 164 962 1273 1064; baseline 0.021 -40"><span class='ocrx_word' id='word_1_40' title='bbox 164 962 239 1046; x_wconf 84' lang='lat' dir='ltr'>gerit</span> <span class='ocrx_word' id='word_1_41' title='bbox 246 1011 260 1036; x_wconf 79' lang='grc'>,,</span> <span class='ocrx_word' id='word_1_42' title='bbox 278 968 390 1046; x_wconf 84' lang='lat' dir='ltr'>paucas</span> <span class='ocrx_word' id='word_1_43' title='bbox 417 979 508 1038; x_wconf 87' lang='lat' dir='ltr'>autem</span> <span class='ocrx_word' id='word_1_44' title='bbox 534 973 685 1046; x_wconf 76' lang='lat' dir='ltr'>uamcmtes</span> <span class='ocrx_word' id='word_1_45' title='bbox 703 976 765 1062; x_wconf 88' lang='lat' dir='ltr'>ipso</span> <span class='ocrx_word' id='word_1_46' title='bbox 783 978 947 1046; x_wconf 75' lang='lat' dir='ltr'>exscribens</span> <span class='ocrx_word' id='word_1_47' title='bbox 963 978 1101 1046; x_wconf 77' lang='lat' dir='ltr'>effecerit.</span> <span class='ocrx_word' id='word_1_48' title='bbox 1145 979 1273 1064; x_wconf 84' lang='lat' dir='ltr'>proiecto</span> 
     </span>
     <span class='ocr_line' id='line_1_7' title="bbox 166 1082 1273 1186; baseline 0.009 -32"><span class='ocrx_word' id='word_1_49' title='bbox 166 1103 235 1147; x_wconf 79' lang='grc'>11111</span> <span class='ocrx_word' id='word_1_50' title='bbox 256 1082 352 1148; x_wconf 75' lang='lat' dir='ltr'>folium</span> <span class='ocrx_word' id='word_1_51' title='bbox 378 1089 563 1178; x_wconf 71' lang='lat' dir='ltr'>tantummodo</span> <span class='ocrx_word' id='word_1_52' title='bbox 589 1093 707 1179; x_wconf 88' lang='lat' dir='ltr'>primum</span> <span class='ocrx_word' id='word_1_53' title='bbox 734 1117 752 1160; x_wconf 91' lang='lat' dir='ltr'>a</span> <span class='ocrx_word' id='word_1_54' title='bbox 781 1097 880 1164; x_wconf 84' lang='lat' dir='ltr'>codice</span> <span class='ocrx_word' id='word_1_55' title='bbox 905 1098 993 1176; x_wconf 84' lang='lat' dir='ltr'>uhsit,</span> <span class='ocrx_word' id='word_1_56' title='bbox 1024 1101 1067 1164; x_wconf 59' lang='lat' dir='ltr'>iu&#39;</span> <span class='ocrx_word' id='word_1_57' title='bbox 1084 1121 1139 1186; x_wconf 88' lang='lat' dir='ltr'>quo</span> <span class='ocrx_word' id='word_1_58' title='bbox 1153 1116 1273 1165; x_wconf 70' lang='lat' dir='ltr'>maman</span> 
     </span>
     <span class='ocr_line' id='line_1_8' title="bbox 165 1203 1272 1302; baseline 0.017 -34"><span class='ocrx_word' id='word_1_59' title='bbox 165 1203 291 1269; x_wconf 80' lang='lat' dir='ltr'>auctoris</span> <span class='ocrx_word' id='word_1_60' title='bbox 315 1224 379 1272; x_wconf 87' lang='lat' dir='ltr'>esse</span> <span class='ocrx_word' id='word_1_61' title='bbox 407 1206 518 1286; x_wconf 85' lang='lat' dir='ltr'>debuit,</span> <span class='ocrx_word' id='word_1_62' title='bbox 546 1211 629 1278; x_wconf 89' lang='lat' dir='ltr'>vaide</span> <span class='ocrx_word' id='word_1_63' title='bbox 655 1216 786 1302; x_wconf 87' lang='lat' dir='ltr'>suspicor.</span> <span class='ocrx_word' id='word_1_64' title='bbox 806 1229 870 1302; x_wconf 87' lang='lat' dir='ltr'>pest</span> <span class='ocrx_word' id='word_1_65' title='bbox 891 1216 988 1282; x_wconf 81' lang='lat' dir='ltr'>Ailatii</span> <span class='ocrx_word' id='word_1_66' title='bbox 1011 1229 1131 1286; x_wconf 86' lang='lat' dir='ltr'>aetatem</span> <span class='ocrx_word' id='word_1_67' title='bbox 1148 1217 1177 1283; x_wconf 94' lang='lat' dir='ltr'>id</span> <span class='ocrx_word' id='word_1_68' title='bbox 1196 1216 1272 1286; x_wconf 77' lang='lat' dir='ltr'>exei-</span> 
     </span>
     <span class='ocr_line' id='line_1_9' title="bbox 165 1318 1292 1424; baseline 0.02 -44"><span class='ocrx_word' id='word_1_69' title='bbox 165 1318 256 1396; x_wconf 68' lang='lat' dir='ltr'>esse,</span> <span class='ocrx_word' id='word_1_70' title='bbox 291 1343 355 1387; x_wconf 86' lang='lat' dir='ltr'>cnm</span> <span class='ocrx_word' id='word_1_71' title='bbox 372 1326 463 1394; x_wconf 80' lang='lat' dir='ltr'>codex</span> <span class='ocrx_word' id='word_1_72' title='bbox 479 1329 532 1396; x_wconf 87' lang='lat' dir='ltr'>Pio</span> <span class='ocrx_word' id='word_1_73' title='bbox 550 1331 590 1398; x_wconf 78' lang='lat' dir='ltr'>v}</span> <span class='ocrx_word' id='word_1_74' title='bbox 606 1345 758 1420; x_wconf 81' lang='lat' dir='ltr'>regnante,</span> <span class='ocrx_word' id='word_1_75' title='bbox 787 1336 863 1402; x_wconf 88' lang='lat' dir='ltr'>cuiue</span> <span class='ocrx_word' id='word_1_76' title='bbox 880 1359 951 1404; x_wconf 90' lang='lat' dir='ltr'>nunc</span> <span class='ocrx_word' id='word_1_77' title='bbox 969 1347 1114 1404; x_wconf 84' lang='lat' dir='ltr'>stemmata</span> <span class='ocrx_word' id='word_1_78' title='bbox 1132 1337 1225 1424; x_wconf 80' lang='lat' dir='ltr'>gerit,</span> <span class='ocrx_word' id='word_1_79' title='bbox 1254 1341 1292 1403; x_wconf 62' lang='lat' dir='ltr'>aa</span> 
     </span>
     <span class='ocr_line' id='line_1_10' title="bbox 164 1439 1272 1532; baseline 0.019 -26"><span class='ocrx_word' id='word_1_80' title='bbox 164 1439 332 1530; x_wconf 85' lang='lat' dir='ltr'>bibliopago</span> <span class='ocrx_word' id='word_1_81' title='bbox 357 1449 596 1532; x_wconf 77' lang='lat' dir='ltr'>conpactus-tuit.</span> <span class='ocrx_word' id='word_1_82' title='bbox 641 1463 669 1516; x_wconf 86' lang='lat' dir='ltr'>ct</span> <span class='ocrx_word' id='word_1_83' title='bbox 693 1474 761 1518; x_wconf 90' lang='lat' dir='ltr'>sane</span> <span class='ocrx_word' id='word_1_84' title='bbox 782 1455 851 1522; x_wconf 91' lang='lat' dir='ltr'>mihi</span> <span class='ocrx_word' id='word_1_85' title='bbox 876 1468 988 1522; x_wconf 86' lang='lat' dir='ltr'>narrant</span> <span class='ocrx_word' id='word_1_86' title='bbox 1010 1457 1093 1524; x_wconf 88' lang='lat' dir='ltr'>multa</span> <span class='ocrx_word' id='word_1_87' title='bbox 1116 1455 1272 1526; x_wconf 78' lang='lat' dir='ltr'>huiusmodi</span> 
     </span>
     <span class='ocr_line' id='line_1_11' title="bbox 165 1563 1271 1661; baseline 0.013 -35"><span class='ocrx_word' id='word_1_88' title='bbox 165 1563 265 1628; x_wconf 89' lang='lat' dir='ltr'>damna</span> <span class='ocrx_word' id='word_1_89' title='bbox 282 1565 319 1628; x_wconf 93' lang='lat' dir='ltr'>ah</span> <span class='ocrx_word' id='word_1_90' title='bbox 337 1587 487 1652; x_wconf 87' lang='lat' dir='ltr'>operarum</span> <span class='ocrx_word' id='word_1_91' title='bbox 505 1569 612 1636; x_wconf 82' lang='lat' dir='ltr'>inscitia</span> <span class='ocrx_word' id='word_1_92' title='bbox 630 1574 772 1641; x_wconf 83' lang='lat' dir='ltr'>Vaticanis</span> <span class='ocrx_word' id='word_1_93' title='bbox 787 1575 944 1652; x_wconf 84' lang='lat' dir='ltr'>codicibus,</span> <span class='ocrx_word' id='word_1_94' title='bbox 963 1577 1127 1661; x_wconf 88' lang='lat' dir='ltr'>praesertim</span> <span class='ocrx_word' id='word_1_95' title='bbox 1142 1575 1271 1651; x_wconf 78' lang='lat' dir='ltr'>Graecis,</span> 
     </span>
     <span class='ocr_line' id='line_1_12' title="bbox 164 1677 1335 1781; baseline 0.009 -34"><span class='ocrx_word' id='word_1_96' title='bbox 164 1683 310 1753; x_wconf 87' lang='lat' dir='ltr'>accidisse.</span> <span class='ocrx_word' id='word_1_97' title='bbox 353 1685 404 1750; x_wconf 89' lang='lat' dir='ltr'>sed</span> <span class='ocrx_word' id='word_1_98' title='bbox 429 1685 466 1751; x_wconf 95' lang='lat' dir='ltr'>de</span> <span class='ocrx_word' id='word_1_99' title='bbox 490 1689 589 1755; x_wconf 89' lang='lat' dir='ltr'>codice</span> <span class='ocrx_word' id='word_1_100' title='bbox 613 1691 754 1760; x_wconf 86' lang='lat' dir='ltr'>hactenus.</span> <span class='ocrx_word' id='word_1_101' title='bbox 799 1697 854 1761; x_wconf 90' lang='lat' dir='ltr'>iam</span> <span class='ocrx_word' id='word_1_102' title='bbox 881 1717 942 1760; x_wconf 91' lang='lat' dir='ltr'>cnm</span> <span class='ocrx_word' id='word_1_103' title='bbox 967 1718 1058 1781; x_wconf 88' lang='lat' dir='ltr'>neque</span> <span class='ocrx_word' id='word_1_104' title='bbox 1075 1695 1209 1771; x_wconf 85' lang='lat' dir='ltr'>Allatins,</span> <span class='ocrx_word' id='word_1_105' title='bbox 1242 1705 1271 1758; x_wconf 86' lang='lat' dir='ltr'>nt</span> <span class='ocrx_word' id='word_1_106' title='bbox 1333 1677 1335 1686; x_wconf 39' lang='lat'><strong>¹</strong></span> 
     </span>
     <span class='ocr_line' id='line_1_13' title="bbox 164 1803 1269 1901; baseline 0.008 -34"><span class='ocrx_word' id='word_1_107' title='bbox 164 1803 243 1882; x_wconf 83' lang='lat' dir='ltr'>dixi,</span> <span class='ocrx_word' id='word_1_108' title='bbox 280 1826 371 1891; x_wconf 81' lang='lat' dir='ltr'>neque</span> <span class='ocrx_word' id='word_1_109' title='bbox 399 1805 449 1872; x_wconf 91' lang='lat' dir='ltr'>alii</span> <span class='ocrx_word' id='word_1_110' title='bbox 476 1810 576 1876; x_wconf 86' lang='lat' dir='ltr'>eruditi</span> <span class='ocrx_word' id='word_1_111' title='bbox 604 1812 747 1899; x_wconf 84' lang='lat' dir='ltr'>quiequam</span> <span class='ocrx_word' id='word_1_112' title='bbox 779 1814 816 1881; x_wconf 89' lang='lat' dir='ltr'>de</span> <span class='ocrx_word' id='word_1_113' title='bbox 847 1816 1018 1901; x_wconf 86' lang='lat' dir='ltr'>Ephraemio</span> <span class='ocrx_word' id='word_1_114' title='bbox 1051 1812 1269 1900; x_wconf 78' lang='lat' dir='ltr'>chronographo</span> 
     </span>
     <span class='ocr_line' id='line_1_14' title="bbox 162 1924 1272 2021; baseline 0.006 -33"><span class='ocrx_word' id='word_1_115' title='bbox 162 1945 279 1990; x_wconf 90' lang='lat' dir='ltr'>narrare</span> <span class='ocrx_word' id='word_1_116' title='bbox 307 1924 467 2005; x_wconf 86' lang='lat' dir='ltr'>videantur,</span> <span class='ocrx_word' id='word_1_117' title='bbox 499 1930 569 1996; x_wconf 93' lang='lat' dir='ltr'>mihi</span> <span class='ocrx_word' id='word_1_118' title='bbox 593 1933 704 2017; x_wconf 89' lang='lat' dir='ltr'>quidem</span> <span class='ocrx_word' id='word_1_119' title='bbox 727 1933 764 1998; x_wconf 92' lang='lat' dir='ltr'>de</span> <span class='ocrx_word' id='word_1_120' title='bbox 786 1936 848 2000; x_wconf 84' lang='lat' dir='ltr'>uiro</span> <span class='ocrx_word' id='word_1_121' title='bbox 869 1933 925 1998; x_wconf 92' lang='lat' dir='ltr'>hoc</span> <span class='ocrx_word' id='word_1_122' title='bbox 945 1934 1088 2021; x_wconf 78' lang='lat' dir='ltr'>quaerenti</span> <span class='ocrx_word' id='word_1_123' title='bbox 1108 1932 1272 1997; x_wconf 88' lang='lat' dir='ltr'>occurrebat</span> 
     </span>
     <span class='ocr_line' id='line_1_15' title="bbox 161 2045 1270 2142; baseline 0.006 -34"><span class='ocrx_word' id='word_1_124' title='bbox 161 2045 347 2131; x_wconf 85' lang='lat' dir='ltr'>Ephraemius</span> <span class='ocrx_word' id='word_1_125' title='bbox 374 2045 438 2124; x_wconf 90' lang='lat' dir='ltr'>ille,</span> <span class='ocrx_word' id='word_1_126' title='bbox 470 2070 553 2134; x_wconf 88' lang='lat' dir='ltr'>quem</span> <span class='ocrx_word' id='word_1_127' title='bbox 580 2049 718 2118; x_wconf 84' lang='lat' dir='ltr'>lohannes</span> <span class='ocrx_word' id='word_1_128' title='bbox 743 2053 797 2118; x_wconf 89' lang='lat' dir='ltr'>XII</span> <span class='ocrx_word' id='word_1_129' title='bbox 828 2053 988 2139; x_wconf 87' lang='lat' dir='ltr'>patriarcha</span> <span class='ocrx_word' id='word_1_130' title='bbox 1020 2053 1179 2142; x_wconf 89' lang='lat' dir='ltr'>Cpolitanus</span> <span class='ocrx_word' id='word_1_131' title='bbox 1206 2064 1270 2115; x_wconf 92' lang='lat' dir='ltr'>ante</span> 
     </span>
     <span class='ocr_line' id='line_1_16' title="bbox 162 2163 1269 2262; baseline 0.005 -34"><span class='ocrx_word' id='word_1_132' title='bbox 162 2188 270 2230; x_wconf 87' lang='lat' dir='ltr'>sacram</span> <span class='ocrx_word' id='word_1_133' title='bbox 293 2188 371 2231; x_wconf 87' lang='lat' dir='ltr'>suam</span> <span class='ocrx_word' id='word_1_134' title='bbox 396 2167 557 2254; x_wconf 84' lang='lat' dir='ltr'>dignitatem</span> <span class='ocrx_word' id='word_1_135' title='bbox 574 2168 708 2258; x_wconf 80' lang='lat' dir='ltr'>legitimis</span> <span class='ocrx_word' id='word_1_136' title='bbox 727 2175 826 2259; x_wconf 91' lang='lat' dir='ltr'>nuptiis</span> <span class='ocrx_word' id='word_1_137' title='bbox 844 2176 954 2262; x_wconf 86' lang='lat' dir='ltr'>genuit;</span> <span class='ocrx_word' id='word_1_138' title='bbox 982 2163 1018 2239; x_wconf 91' lang='lat' dir='ltr'>de</span> <span class='ocrx_word' id='word_1_139' title='bbox 1036 2196 1091 2262; x_wconf 90' lang='lat' dir='ltr'>quo</span> <span class='ocrx_word' id='word_1_140' title='bbox 1109 2171 1269 2237; x_wconf 85' lang='lat' dir='ltr'>nominatim</span> 
     </span>
     <span class='ocr_line' id='line_1_17' title="bbox 162 2283 1277 2378; baseline 0.002 -28"><span class='ocrx_word' id='word_1_141' title='bbox 162 2283 335 2371; x_wconf 73' lang='lat' dir='ltr'>Eph&#39;raemio</span> <span class='ocrx_word' id='word_1_142' title='bbox 361 2285 451 2351; x_wconf 85' lang='lat' dir='ltr'>ve&#39;rha</span> <span class='ocrx_word' id='word_1_143' title='bbox 479 2287 546 2354; x_wconf 81' lang='lat' dir='ltr'>iacit</span> <span class='ocrx_word' id='word_1_144' title='bbox 571 2288 758 2378; x_wconf 80' lang='lat' dir='ltr'>Pachpmeres</span> <span class='ocrx_word' id='word_1_145' title='bbox 776 2294 804 2356; x_wconf 95' lang='lat' dir='ltr'>in</span> <span class='ocrx_word' id='word_1_146' title='bbox 821 2291 957 2376; x_wconf 82' lang='lat' dir='ltr'>praedicti</span> <span class='ocrx_word' id='word_1_147' title='bbox 975 2292 1153 2378; x_wconf 83' lang='lat' dir='ltr'>patriarchae</span> <span class='ocrx_word' id='word_1_148' title='bbox 1171 2291 1277 2360; x_wconf 86' lang='lat' dir='ltr'>notitia¹</span> 
     </span>
     <span class='ocr_line' id='line_1_18' title="bbox 162 2405 1269 2494; baseline -0.002 -22"><span class='ocrx_word' id='word_1_149' title='bbox 162 2419 229 2473; x_wconf 88' lang='lat' dir='ltr'>tom.</span> <span class='ocrx_word' id='word_1_150' title='bbox 250 2414 269 2476; x_wconf 82' lang='lat'><strong>2</strong></span> <span class='ocrx_word' id='word_1_151' title='bbox 291 2405 381 2472; x_wconf 73' lang='lat' dir='ltr'>het</span> <span class='ocrx_word' id='word_1_152' title='bbox 406 2411 463 2482; x_wconf 92' lang='lat'>11,</span> <span class='ocrx_word' id='word_1_153' title='bbox 495 2406 559 2471; x_wconf 89' lang='lat' dir='ltr'>dnm</span> <span class='ocrx_word' id='word_1_154' title='bbox 586 2411 625 2472; x_wconf 89' lang='lat' dir='ltr'>ait</span> <span class='ocrx_word' id='word_1_155' title='bbox 653 2411 801 2494; x_wconf 85' lang='lat' dir='ltr'>episcopos</span> <span class='ocrx_word' id='word_1_156' title='bbox 828 2410 901 2474; x_wconf 91' lang='lat' dir='ltr'>inter</span> <span class='ocrx_word' id='word_1_157' title='bbox 927 2420 1036 2474; x_wconf 86' lang='lat' dir='ltr'>ceteras</span> <span class='ocrx_word' id='word_1_158' title='bbox 1064 2407 1269 2474; x_wconf 82' lang='lat' dir='ltr'>criminationes</span> 
     </span>
     <span class='ocr_line' id='line_1_19' title="bbox 160 2522 1268 2614; baseline 0 -24"><span class='ocrx_word' id='word_1_159' title='bbox 160 2526 348 2612; x_wconf 81' lang='lat' dir='ltr'>patriarcham</span> <span class='ocrx_word' id='word_1_160' title='bbox 371 2522 588 2611; x_wconf 82' lang='lat' dir='ltr'>reprehendisse</span> <span class='ocrx_word' id='word_1_161' title='bbox 613 2525 686 2613; x_wconf 87' lang='lat' dir='ltr'>qnod</span> <span class='ocrx_word' id='word_1_162' title='bbox 703 2525 778 2591; x_wconf 88' lang='lat' dir='ltr'>hona</span> <span class='ocrx_word' id='word_1_163' title='bbox 795 2527 934 2594; x_wconf 88' lang='lat' dir='ltr'>ecclesiae</span> <span class='ocrx_word' id='word_1_164' title='bbox 951 2529 1123 2614; x_wconf 86' lang='lat' dir='ltr'>Ephraemio</span> <span class='ocrx_word' id='word_1_165' title='bbox 1140 2527 1199 2592; x_wconf 86' lang='lat' dir='ltr'>iilic</span> <span class='ocrx_word' id='word_1_166' title='bbox 1217 2547 1268 2592; x_wconf 91' lang='lat' dir='ltr'>suo</span> 
     </span>
     <span class='ocr_line' id='line_1_20' title="bbox 162 2643 1266 2738; baseline -0.003 -25"><span class='ocrx_word' id='word_1_167' title='bbox 162 2649 347 2736; x_wconf 88' lang='lat' dir='ltr'>dispensanda</span> <span class='ocrx_word' id='word_1_168' title='bbox 371 2643 556 2731; x_wconf 82' lang='lat' dir='ltr'>relinqueret,</span> <span class='ocrx_word' id='word_1_169' title='bbox 581 2668 637 2711; x_wconf 93' lang='lat' dir='ltr'>non</span> <span class='ocrx_word' id='word_1_170' title='bbox 660 2649 804 2713; x_wconf 88' lang='lat' dir='ltr'>constituto</span> <span class='ocrx_word' id='word_1_171' title='bbox 827 2661 908 2736; x_wconf 89' lang='lat' dir='ltr'>prout</span> <span class='ocrx_word' id='word_1_172' title='bbox 929 2649 1013 2738; x_wconf 84' lang='lat' dir='ltr'>leges</span> <span class='ocrx_word' id='word_1_173' title='bbox 1032 2647 1164 2715; x_wconf 87' lang='lat' dir='ltr'>iubebant</span> <span class='ocrx_word' id='word_1_174' title='bbox 1183 2667 1266 2712; x_wconf 90' lang='lat' dir='ltr'>eecc-</span> 
     </span>
     <span class='ocr_line' id='line_1_21' title="bbox 161 2759 1266 2855; baseline -0.003 -22"><span class='ocrx_word' id='word_1_175' title='bbox 161 2791 255 2834; x_wconf 92' lang='lat' dir='ltr'>nomo.</span> <span class='ocrx_word' id='word_1_176' title='bbox 300 2787 403 2854; x_wconf 85' lang='lat' dir='ltr'>reapse</span> <span class='ocrx_word' id='word_1_177' title='bbox 429 2777 458 2830; x_wconf 91' lang='lat' dir='ltr'>et</span> <span class='ocrx_word' id='word_1_178' title='bbox 482 2759 578 2830; x_wconf 77' lang='lat' dir='ltr'>noster</span> <span class='ocrx_word' id='word_1_179' title='bbox 601 2765 833 2854; x_wconf 80' lang='lat' dir='ltr'>chronographus</span> <span class='ocrx_word' id='word_1_180' title='bbox 851 2771 879 2834; x_wconf 94' lang='lat' dir='ltr'>in</span> <span class='ocrx_word' id='word_1_181' title='bbox 896 2769 1118 2855; x_wconf 81' lang='lat' dir='ltr'>patriarcharum</span> <span class='ocrx_word' id='word_1_182' title='bbox 1137 2767 1266 2853; x_wconf 85' lang='lat' dir='ltr'>catalogo</span> 
     </span>
     <span class='ocr_line' id='line_1_22' title="bbox 158 2883 1268 2974; baseline 0 -21"><span class='ocrx_word' id='word_1_183' title='bbox 158 2899 298 2954; x_wconf 82' lang='lat' dir='ltr'>memorat</span> <span class='ocrx_word' id='word_1_184' title='bbox 316 2886 463 2951; x_wconf 88' lang='lat' dir='ltr'>masculum</span> <span class='ocrx_word' id='word_1_185' title='bbox 483 2883 614 2949; x_wconf 85' lang='lat' dir='ltr'>iohannis</span> <span class='ocrx_word' id='word_1_186' title='bbox 625 2886 677 2950; x_wconf 83' lang='grc' dir='ltr'>ΧΗ</span> <span class='ocrx_word' id='word_1_187' title='bbox 698 2885 799 2964; x_wconf 89' lang='lat' dir='ltr'>iilinm;</span> <span class='ocrx_word' id='word_1_188' title='bbox 821 2887 872 2952; x_wconf 88' lang='lat' dir='ltr'>sed</span> <span class='ocrx_word' id='word_1_189' title='bbox 891 2887 927 2952; x_wconf 91' lang='lat' dir='ltr'>de</span> <span class='ocrx_word' id='word_1_190' title='bbox 945 2911 977 2954; x_wconf 88' lang='lat' dir='ltr'>se</span> <span class='ocrx_word' id='word_1_191' title='bbox 994 2889 1056 2974; x_wconf 90' lang='lat' dir='ltr'>ipso</span> <span class='ocrx_word' id='word_1_192' title='bbox 1073 2886 1148 2952; x_wconf 90' lang='lat' dir='ltr'>haud</span> <span class='ocrx_word' id='word_1_193' title='bbox 1164 2887 1268 2952; x_wconf 84' lang='lat' dir='ltr'>diserte</span> 
     </span>
     <span class='ocr_line' id='line_1_23' title="bbox 159 3005 1265 3096; baseline -0.002 -24"><span class='ocrx_word' id='word_1_194' title='bbox 159 3008 236 3093; x_wconf 88' lang='lat' dir='ltr'>ioqui</span> <span class='ocrx_word' id='word_1_195' title='bbox 268 3005 413 3096; x_wconf 82' lang='lat' dir='ltr'>significat.</span> <span class='ocrx_word' id='word_1_196' title='bbox 458 3017 486 3071; x_wconf 93' lang='lat' dir='ltr'>et</span> <span class='ocrx_word' id='word_1_197' title='bbox 512 3018 604 3071; x_wconf 87' lang='lat' dir='ltr'>tamen</span> <span class='ocrx_word' id='word_1_198' title='bbox 631 3018 709 3071; x_wconf 89' lang='lat' dir='ltr'>aetas</span> <span class='ocrx_word' id='word_1_199' title='bbox 740 3008 868 3094; x_wconf 85' lang='lat' dir='ltr'>apprime</span> <span class='ocrx_word' id='word_1_200' title='bbox 897 3009 1039 3094; x_wconf 80' lang='lat' dir='ltr'>congruit:</span> <span class='ocrx_word' id='word_1_201' title='bbox 1071 3029 1189 3094; x_wconf 77' lang='lat' dir='ltr'>nanque</span> <span class='ocrx_word' id='word_1_202' title='bbox 1217 3007 1265 3071; x_wconf 93' lang='lat' dir='ltr'>hic</span> 
     </span>
     <span class='ocr_line' id='line_1_24' title="bbox 158 3120 1263 3214; baseline -0.001 -21"><span class='ocrx_word' id='word_1_203' title='bbox 158 3129 299 3193; x_wconf 90' lang='lat' dir='ltr'>iohannes</span> <span class='ocrx_word' id='word_1_204' title='bbox 338 3126 552 3214; x_wconf 87' lang='lat' dir='ltr'>patriarchatum</span> <span class='ocrx_word' id='word_1_205' title='bbox 583 3125 693 3191; x_wconf 90' lang='lat' dir='ltr'>retinnit</span> <span class='ocrx_word' id='word_1_206' title='bbox 723 3149 808 3214; x_wconf 89' lang='lat' dir='ltr'>usqne</span> <span class='ocrx_word' id='word_1_207' title='bbox 825 3120 877 3208; x_wconf 73' lang='lat' dir='ltr'>‘ad</span> <span class='ocrx_word' id='word_1_208' title='bbox 908 3125 1013 3190; x_wconf 82' lang='lat' dir='ltr'>Christi</span> <span class='ocrx_word' id='word_1_209' title='bbox 1044 3149 1142 3190; x_wconf 90' lang='lat' dir='ltr'>annum</span> <span class='ocrx_word' id='word_1_210' title='bbox 1172 3124 1263 3204; x_wconf 75' lang='lat'>1304,</span> 
     </span>
     <span class='ocr_line' id='line_1_25' title="bbox 158 3244 1264 3332; baseline -0.002 -20"><span class='ocrx_word' id='word_1_211' title='bbox 158 3261 256 3312; x_wconf 88' lang='lat' dir='ltr'>noster</span> <span class='ocrx_word' id='word_1_212' title='bbox 287 3259 377 3312; x_wconf 85' lang='lat' dir='ltr'>autem</span> <span class='ocrx_word' id='word_1_213' title='bbox 407 3245 592 3332; x_wconf 84' lang='lat' dir='ltr'>Ephnaemins</span> <span class='ocrx_word' id='word_1_214' title='bbox 623 3245 774 3311; x_wconf 87' lang='lat' dir='ltr'>chronicon</span> <span class='ocrx_word' id='word_1_215' title='bbox 803 3269 879 3312; x_wconf 84' lang='lat' dir='ltr'>snum</span> <span class='ocrx_word' id='word_1_216' title='bbox 906 3267 979 3310; x_wconf 89' lang='lat' dir='ltr'>anno</span> <span class='ocrx_word' id='word_1_217' title='bbox 1009 3249 1091 3313; x_wconf 83' lang='lat'>1313</span> <span class='ocrx_word' id='word_1_218' title='bbox 1119 3244 1264 3310; x_wconf 89' lang='lat' dir='ltr'>concludit.</span> 
     </span>
     <span class='ocr_line' id='line_1_26' title="bbox 157 3363 1262 3455; baseline -0.003 -22"><span class='ocrx_word' id='word_1_219' title='bbox 157 3371 215 3433; x_wconf 91' lang='lat' dir='ltr'>iam</span> <span class='ocrx_word' id='word_1_220' title='bbox 238 3389 295 3455; x_wconf 82' lang='lat' dir='ltr'>ego</span> <span class='ocrx_word' id='word_1_221' title='bbox 317 3366 407 3431; x_wconf 79' lang='lat' dir='ltr'>fontes</span> <span class='ocrx_word' id='word_1_222' title='bbox 424 3364 630 3450; x_wconf 84' lang='lat' dir='ltr'>Ephraemicae</span> <span class='ocrx_word' id='word_1_223' title='bbox 652 3364 853 3453; x_wconf 84' lang='lat' dir='ltr'>chronologiae</span> <span class='ocrx_word' id='word_1_224' title='bbox 873 3366 1013 3454; x_wconf 92' lang='lat' dir='ltr'>compari,</span> <span class='ocrx_word' id='word_1_225' title='bbox 1044 3365 1183 3432; x_wconf 84' lang='lat' dir='ltr'>Zonarem</span> <span class='ocrx_word' id='word_1_226' title='bbox 1203 3363 1262 3447; x_wconf 83' lang='lat' dir='ltr'>qui·</span> 
     </span>
     <span class='ocr_line' id='line_1_27' title="bbox 157 3483 1263 3573; baseline -0.004 -23"><span class='ocrx_word' id='word_1_227' title='bbox 157 3487 223 3552; x_wconf 90' lang='lat' dir='ltr'>dem</span> <span class='ocrx_word' id='word_1_228' title='bbox 244 3508 330 3573; x_wconf 84' lang='lat' dir='ltr'>usqne</span> <span class='ocrx_word' id='word_1_229' title='bbox 352 3485 389 3550; x_wconf 91' lang='lat' dir='ltr'>ad</span> <span class='ocrx_word' id='word_1_230' title='bbox 409 3484 538 3552; x_wconf 83' lang='lat' dir='ltr'>Aleniil</span> <span class='ocrx_word' id='word_1_231' title='bbox 570 3483 706 3550; x_wconf 76' lang='lat' dir='ltr'>Commm</span> <span class='ocrx_word' id='word_1_232' title='bbox 725 3487 846 3562; x_wconf 89' lang='lat' dir='ltr'>obitum,</span> <span class='ocrx_word' id='word_1_233' title='bbox 878 3486 1007 3552; x_wconf 88' lang='lat' dir='ltr'>Nicetam</span> <span class='ocrx_word' id='word_1_234' title='bbox 1036 3485 1199 3552; x_wconf 85' lang='lat' dir='ltr'>Choniatam</span> <span class='ocrx_word' id='word_1_235' title='bbox 1219 3505 1263 3546; x_wconf 89' lang='lat' dir='ltr'>us-</span> 
     </span>
     <span class='ocr_line' id='line_1_28' title="bbox 158 3603 1317 3695; baseline -0.001 -25"><span class='ocrx_word' id='word_1_236' title='bbox 158 3627 215 3689; x_wconf 87' lang='lat' dir='ltr'>que</span> <span class='ocrx_word' id='word_1_237' title='bbox 236 3606 273 3668; x_wconf 91' lang='lat' dir='ltr'>ad</span> <span class='ocrx_word' id='word_1_238' title='bbox 293 3603 488 3670; x_wconf 88' lang='lat' dir='ltr'>Beldninumi</span> <span class='ocrx_word' id='word_1_239' title='bbox 519 3606 730 3692; x_wconf 88' lang='lat' dir='ltr'>imperatorem,</span> <span class='ocrx_word' id='word_1_240' title='bbox 763 3606 865 3673; x_wconf 90' lang='lat' dir='ltr'>deinde</span> <span class='ocrx_word' id='word_1_241' title='bbox 892 3628 962 3672; x_wconf 89' lang='lat' dir='ltr'>vero</span> <span class='ocrx_word' id='word_1_242' title='bbox 992 3606 1153 3695; x_wconf 78' lang='lat' dir='ltr'>Georgium.</span> <span class='ocrx_word' id='word_1_243' title='bbox 1175 3605 1264 3669; x_wconf 85' lang='lat' dir='ltr'>Acro·</span> <span class='ocrx_word' id='word_1_244' title='bbox 1314 3623 1317 3628; x_wconf 87' lang='lat'>·</span> 
     </span>
     <span class='ocr_line' id='line_1_29' title="bbox 157 3723 1261 3812; baseline 0 -22"><span class='ocrx_word' id='word_1_245' title='bbox 157 3726 283 3810; x_wconf 93' lang='lat' dir='ltr'>politam.</span> <span class='ocrx_word' id='word_1_246' title='bbox 326 3745 386 3812; x_wconf 85' lang='lat' dir='ltr'>age</span> <span class='ocrx_word' id='word_1_247' title='bbox 406 3745 476 3789; x_wconf 89' lang='lat' dir='ltr'>uero</span> <span class='ocrx_word' id='word_1_248' title='bbox 497 3723 570 3812; x_wconf 89' lang='lat' dir='ltr'>quod</span> <span class='ocrx_word' id='word_1_249' title='bbox 591 3725 777 3811; x_wconf 87' lang='lat' dir='ltr'>Ephraemins</span> <span class='ocrx_word' id='word_1_250' title='bbox 796 3726 942 3792; x_wconf 86' lang='lat' dir='ltr'>historiam</span> <span class='ocrx_word' id='word_1_251' title='bbox 962 3728 1072 3811; x_wconf 82' lang='lat' dir='ltr'>poetico</span> <span class='ocrx_word' id='word_1_252' title='bbox 1089 3738 1179 3792; x_wconf 89' lang='lat' dir='ltr'>metro</span> <span class='ocrx_word' id='word_1_253' title='bbox 1197 3748 1261 3790; x_wconf 93' lang='lat' dir='ltr'>con·</span> 
     </span>
    </p>
   </div>
   <div class='ocr_carea' id='block_1_3' title="bbox 89 4044 1261 4207">
    <p class='ocr_par' dir='ltr' id='par_1_3' title="bbox 89 4044 1261 4207">
     <span class='ocr_line' id='line_1_30' title="bbox 156 4044 1261 4119; baseline 0.004 -18"><span class='ocrx_word' id='word_1_254' title='bbox 156 4044 286 4115; x_wconf 73' lang='grc' dir='ltr'><strong><em>ἐμπαθεῖ</em></strong></span> <span class='ocrx_word' id='word_1_255' title='bbox 303 4045 373 4119; x_wconf 66' lang='grc' dir='ltr'>θέᾳ,</span> <span class='ocrx_word' id='word_1_256' title='bbox 400 4053 430 4102; x_wconf 85' lang='lat' dir='ltr'>at</span> <span class='ocrx_word' id='word_1_257' title='bbox 451 4048 564 4104; x_wconf 67' lang='lat' dir='ltr'>allatius</span> <span class='ocrx_word' id='word_1_258' title='bbox 586 4049 637 4105; x_wconf 89' lang='lat' dir='ltr'>icc.</span> <span class='ocrx_word' id='word_1_259' title='bbox 661 4046 845 4117; x_wconf 61' lang='grc' dir='ltr'>11111111θῆ</span> <span class='ocrx_word' id='word_1_260' title='bbox 870 4047 954 4104; x_wconf 71' lang='grc' dir='ltr'><strong><em>θέαν.</em></strong></span> <span class='ocrx_word' id='word_1_261' title='bbox 990 4050 1059 4119; x_wconf 91' lang='lat' dir='ltr'>apud</span> <span class='ocrx_word' id='word_1_262' title='bbox 1082 4068 1124 4104; x_wconf 85' lang='lat' dir='ltr'>me</span> <span class='ocrx_word' id='word_1_263' title='bbox 1146 4067 1174 4104; x_wconf 87' lang='lat' dir='ltr'>v.</span> <span class='ocrx_word' id='word_1_264' title='bbox 1192 4049 1261 4105; x_wconf 79' lang='lat'>7404</span> 
     </span>
     <span class='ocr_line' id='line_1_31' title="bbox 89 4128 1260 4207; baseline 0.006 -25"><span class='ocrx_word' id='word_1_265' title='bbox 89 4169 107 4182; x_wconf 92' lang='lat'>..</span> <span class='ocrx_word' id='word_1_266' title='bbox 152 4128 393 4196; x_wconf 64' lang='lat' dir='ltr'>incrementatione:</span> <span class='ocrx_word' id='word_1_267' title='bbox 409 4140 438 4189; x_wconf 87' lang='lat' dir='ltr'>nt</span> <span class='ocrx_word' id='word_1_268' title='bbox 454 4134 564 4190; x_wconf 81' lang='lat' dir='ltr'>Ailatius</span> <span class='ocrx_word' id='word_1_269' title='bbox 580 4136 632 4190; x_wconf 84' lang='lat' dir='ltr'>loc.</span> <span class='ocrx_word' id='word_1_270' title='bbox 652 4135 698 4190; x_wconf 84' lang='lat' dir='ltr'>cit.</span> <span class='ocrx_word' id='word_1_271' title='bbox 715 4131 949 4197; x_wconf 73' lang='grc' dir='ltr'><strong><em>ἐπεισπεπτωκός.</em></strong></span> <span class='ocrx_word' id='word_1_272' title='bbox 983 4138 1054 4207; x_wconf 88' lang='lat' dir='ltr'>apud</span> <span class='ocrx_word' id='word_1_273' title='bbox 1071 4153 1112 4190; x_wconf 86' lang='lat' dir='ltr'>mc</span> <span class='ocrx_word' id='word_1_274' title='bbox 1128 4153 1157 4189; x_wconf 83' lang='lat' dir='ltr'>u.</span> <span class='ocrx_word' id='word_1_275' title='bbox 1177 4135 1260 4190; x_wconf 83' lang='lat'><strong>10355</strong></span> 
     </span>
    </p>
   </div>
   <div class='ocr_carea' id='block_1_4' title="bbox 152 4215 1259 4358">
    <p class='ocr_par' dir='ltr' id='par_1_4' title="bbox 152 4215 1259 4358">
     <span class='ocr_line' id='line_1_32' title="bbox 152 4215 1259 4358; baseline 0.005 -88"><span class='ocrx_word' id='word_1_276' title='bbox 152 4220 366 4358; x_wconf 50' lang='grc'>3111110359</span> <span class='ocrx_word' id='word_1_277' title='bbox 389 4215 502 4286; x_wconf 66' lang='lat' dir='ltr'>tuscos.-</span> <span class='ocrx_word' id='word_1_278' title='bbox 527 4227 556 4276; x_wconf 85' lang='lat' dir='ltr'>at</span> <span class='ocrx_word' id='word_1_279' title='bbox 578 4220 687 4278; x_wconf 67' lang='lat' dir='ltr'>edatius</span> <span class='ocrx_word' id='word_1_280' title='bbox 709 4239 767 4277; x_wconf 81' lang='grc' dir='ltr'>που</span> <span class='ocrx_word' id='word_1_281' title='bbox 791 4217 957 4291; x_wconf 67' lang='lat' dir='ltr'>edictionis,</span> <span class='ocrx_word' id='word_1_282' title='bbox 982 4231 1012 4276; x_wconf 91' lang='lat' dir='ltr'>nt</span> <span class='ocrx_word' id='word_1_283' title='bbox 1032 4221 1141 4294; x_wconf 87' lang='lat' dir='ltr'>proprio</span> <span class='ocrx_word' id='word_1_284' title='bbox 1156 4222 1184 4275; x_wconf 89' lang='lat' dir='ltr'>in</span> <span class='ocrx_word' id='word_1_285' title='bbox 1201 4221 1259 4276; x_wconf 89' lang='lat' dir='ltr'>loco</span> 
     </span>
     <span class='ocr_line' id='line_1_33' title="bbox 172 4321 224 4358; baseline -0.038 0"><span class='ocrx_word' id='word_1_286' title='bbox 172 4321 224 4358; x_wconf 79' lang='lat' dir='ltr'>uxr.</span> 
     </span>
    </p>
   </div>
   <div class='ocr_carea' id='block_1_5' title="bbox 0 0 1406 4688">
    <p class='ocr_par' dir='ltr' id='par_1_5' title="bbox 0 0 1406 4688">
     <span class='ocr_line' id='line_1_34' title="bbox 0 0 1406 4688; baseline 0 2"><span class='ocrx_word' id='word_1_287' title='bbox 0 0 1406 4688; x_wconf 95' lang='lat' dir='ltr'> </span> 
     </span>
    </p>
   </div>
  </div>
 </body>
</html>
